4824 5700
1112 533 1171 576 a
1246 517 1346 606 m,
1396 530 1456 576 ·.·.·.

401 705 616 802 posuissem
637 695 806 804 legendis
829 677 1120 778 Christianorum
1137 707 1268 798 libris,
1294 675 1428 780 livent
1448 728 1512 778 eos
1531 695 1762 795 refellerent,
1789 701 1863 780 liv'e
1880 703 1981 804 quod
2000 701 2172 782 Chrlliia·

327 927 333 937 .
406 831 574 938 ιιίιιιιιιιιι
604 857 674 930 pro
700 833 906 906 orientalis
925 834 1180 930 philosophiae
1205 835 1299 908 lecta
1326 809 1518 906 haberent.
1572 834 1641 906 Sed
1669 805 1758 905 inde
1782 859 1862 906 non
1874 834 2067 932 sequitur,
2106 859 2171 910 eos

404 957 621 1032 clanculum
648 957 822 1034 accellrlle
848 961 893 1034 ad
925 935 1229 1036 Christianorum
1255 963 1487 1050 doctrinam,
1520 961 1603 1048 vel,
1639 953 1697 1034 uli
1721 961 1838 1066 vulgo
1862 961 2083 1034 credebatur
2106 966 2170 1054 ¹7),

405 1072 727 1169 semichriltlanos
746 1085 863 1161 luisse.
890 1089 950 1162 Ad
961 1092 1146 1184 Antonini
1162 1109 1287 1164 autem
1304 1089 1597 1164 commentarios
1613 1085 1719 1186 qnod
1733 1089 1880 1176 attinet,
1897 1089 2107 1164 Brucherua
2125 1091 2173 1178 18)

404 1207 591 1306 imprimis
607 1214 702 1306 suit,
731 1217 796 1314 qui
809 1217 967 1288 illorum
986 1241 1071 1290 curn
1088 1219 1195 1318 sacris
1214 1219 1317 1291 Novi
1332 1213 1559 1290 Testamenti
1576 1215 1682 1319 librlt
1701 1229 1876 1314 magnam
1893 1213 2173 1290 consensionem
2233 1213 2238 1232 ⁸

367 1333 375 1344 ⁸
406 1355 520 1437 atquc
535 1345 839 1416 convenientiam
858 1342 1107 1418 demonstrare
1125 1345 1337 1421 conaretur.
1390 1349 1473 1442 Quo
1493 1341 1541 1414 ‘ln
1558 1345 1640 1417 viro
1659 1367 1775 1442 quum
1793 1342 1970 1417 lectionis
1988 1345 2117 1438 copiae
2135 1359 2174 1414 et

403 1465 501 1546 lecta
523 1469 565 1540 in
590 1471 712 1544 libros
739 1489 930 1568 tamquam
951 1473 993 1544 in
1017 1473 1148 1546 horrea
1173 1469 1400 1572 congerendi
1419 1466 1684 1568 condendique
1701 1465 1822 1542 lindio
1840 1472 1995 1542 minime
2013 1493 2080 1566 par
2095 1469 2175 1543 fue·

287 1593 289 1600 ’
405 1595 859 1695 ritiudicandisaoulta's,
887 1585 1181 1696 philosophandi
1211 1617 1337 1672 autem
1356 1597 1561 1698 perexigua
1589 1595 1763 1672 scientia:
1803 1599 2072 1670 miramurnos
2092 1597 2176 1696 qui·

404 1719 491 1796 dem
509 1725 780 1800 humanitatem
799 1725 985 1814 Kestneri,
1014 1730 1078 1824 qui
1096 1727 1224 1800 Critici
1241 1727 1369 1822 amplo
1386 1743 1423 1798 et
1442 1723 1655 1802 honorifico
1672 1724 1829 1796 nomine
1847 1747 1932 1823 eum
1950 1727 2094 1798 ornarit
2114 1733 2176 1819 ¹⁹).·
2204 1706 2210 1715 ¹

406 1849 520 1948 Quod
544 1867 650 1924 tanto
669 1856 781 1926 etiam
802 1854 1010 1929 mirabilius
1033 1851 1104 1944 est,
1131 1876 1248 1954 quum
1269 1865 1439 1950 apertum
1458 1849 1523 1941 lit,
1549 1851 1781 1925 Brucherunr
1800 1855 1916 1958 longe
1935 1853 2178 1953 alio,'q'uam

404 1999 484 2072 quo
500 1975 699 2054 Kellnerur
719 1978 899 2069 instituit,
915 1979 920 1988 ’
935 1979 1090 2055 consilio
1115 2007 1158 2056 ac
1189 1981 1293 2054 sensu
1316 1983 1433 2053 illam·
1447 1975 1802 2054 demonstrationem
1820 1981 2021 2081 suscepisse.
2075 1965 2174 2056 Nam

307 2119 311 2126 '
405 2105 448 2176 in
473 2129 513 2177 ea
537 2079 689 2204 quidem
721 2108 993 2200 dissertatione,
1031 2105 1362 2208 quaoopiosillinre
1388 2109 1484 2180 hanc
1513 2103 1766 2204 quaestionem
1797 2113 1971 2200 tractavit
1991 2113 2065 2202 ²⁰),
2095 2123 2178 2182 tan·

318 2259 323 2272 ¹
407 2249 492 2306 tuna
520 2231 638 2322 abeli,
668 2248 710 2308 ut
737 2237 998 2326 Antoninum,
1025 2238 1162 2310 mentis
1190 2231 1421 2332 persuasione
1448 2235 1624 2322 ductum,
1643 2225 1707 2306 ιιιι1
1736 2231 2026 2336 Christianorum
2051 2233 2175 2310 libros
2296 2249 2304 2258 “

389 2358 444 2466 ἰε
460 2359 696 2455 applica'vilse
713 2365 937 2453 contendat,
966 2383 1008 2436 ut
1033 2389 1126 2464 enm·
1138 2363 1226 2435 libri
1245 2361 1498 2440 Antoniniani
1524 2385 1611 2434 cnm
1635 2360 1874 2434 sacris-libris
1893 2359 2177 2436 consensionem

408 2469 697 2562 “incredibile
720 2489 846 2564 dictu!
865 2531 917 2550 --
934 2489 1173 2594 tribuendam
1196 2487 1376 2564 existimet
1404 2487 1560 2562 colubro
1586 2487 1782 2576 inlemali,
1825 2487 1864 2560 in
1887 2505 2022 2563 omnes
2051 2509 2175 2588 partep

409 2627 598 2714 gyrosque
615 2621 851 2694 convertenti
878 2587 951 2692 sese
976 2638 1019 2692 tc
1041 2619 1258 2716 torquenti,
1292 2609 1416 2716 quiea
1441 2639 1480 2690 re
1496 2612 1712 2717 grusillimis
1728 2613 1952 2688 Christianae
1977 2617 2176 2718 religionis

391 2735 573 2820 .‹leoretis
592 2733 750 2838 nocere,
778 2749 981 2845 earumque
1004 2745 1245 2845 incrementis
1267 2745 1415 2818 obicem
1441 2757 1579 2842 ponere
1595 2744 1773 2818 voluerit.
1826 2745 1938 2844 Quod
1956 2769 2073 2842 qaum
2094 2759 2179 2842 per·

409 2869 722 2966 imitationibus,
763 2875 880 2964 odiis,
917 2876 1117 2949 calumniis
1144 2891 1442 2970 contemptuque
1468 2869 1609 2945 efficere
1639 2871 1675 2942 se
1694 2867 1796 2966 polle
1821 2859 2177 2968 desperavill‘etset

207 3035 215 3042 -
307 3021 316 3030 ·
410 2993 644 3070 sanctitatem
664 2995 827 3074 caelellis
851 3001 1044 3082 doctrinae
1070 3001 1176 3104 omni
1202 2997 1462 3104 superstitione
1485 2999 1708 3096 superiorem
1727 2997 1881 3072 evidere
1897 3019 2080 3090 cerneret,
2107 3023 2177 3072 no-

413 3143 461 3196 va
478 3115 638 3222 quadam
656 3127 858 3203 calliditate
875 3127 1093 3225 compuliffe
1116 3105 1270 3228 gentilis
1294 3125 1520 3199 eruditionis
1548 3123 1750 3216 antistites,
1784 3145 1827 3202 ut
1848 3123 2103 3200 sanctissimam
2120 3137 2199 3231 to*-¹

409 3335 758 3366 m

504 3419 571 3540 17).
586 3459 658 3525 De>
687 3451 894 3550 philosophit
920 3409 1254 3530 ‘iuml-Christianis

415 3557 589 3652 lingularis
619 3575 718 3636 exllat
746 3575 940 3640 exercitatio
962 3577 1014 3638 lo.
1047 3575 1149 3640 Gottl.
1172 3577 1255 3638 Hei·

415 3682 527 3742 heccii
555 3684 592 3744 in
621 3675 705 3746 Eius
734 3685 891 3769 Opurcul.
926 3687 1093 3751 variorum
1121 3687 1255 3769 Sylloge

417 3797 450 3872 ι
474 3801 535 3868 ¹85
556 3791 623 3874 saa·

1338 3571 1401 3638 To.
1430 3574 1491 3636 111.
1524 3571 1609 3634 Soet.
1637 3571 1681 3636 IL
1709 3594 1742 3656 p.
1773 3574 1868 3650 adu),
1900 3597 1983 3658 quae
2011 3578 2181 3658 imprimis

1339 3683 1379 3746 ad
1413 3684 1555 3746 caulium
1582 3681 1725 3744 nostram
1747 3683 1911 3764 pertinet,
1943 3685 2087 3768 denique
2107 3687 2180 3750 sen·

1317 3793 1480 3870 xtentiam
1517 3789 1664 3852 breviter·
1698 3805 1731 3854 et
1766 3793 1898 3854 maiore
1934 3797 2067 3875 quidem
2103 3815 2180 3878 erga
2268 3791 2271 3796 ’

1338 3463 1394 3528 dio
1435 3461 1637 3526 Christianos
1675 3463 1834 3528 lnrltendl
1871 3463 2013 3547 (Tempe
2050 3463 2180 3530 Helvet
2211 3507 2218 3520 ·
2313 3537 2318 3544 ,

486 3903 559 3984 18)
602 3897 634 3961 Is
669 3900 838 3986 poliqnam
883 3907 920 3970 in
958 3909 1037 3969 orio
1079 3901 1255 3967 Vindelico

417 3989 1255 4096 (Augrllind.1729.8.)decomparationephi·

416 4117 586 4200 lotophtee
603 4125 742 4210 gentilia
764 4127 841 4186 cum
859 4125 1017 4206 scalptura
1039 4124 1128 4185 sacra
1152 4137 1184 4184 et
1204 4143 1255 4184 re-

414 4219 555 4312 ligionia
578 4233 782 4296 Christianae
806 4235 1013 4315 dogmatibus
1044 4245 1138 4296 caute
1166 4233 1256 4296 insti-

293 4395 295 4400 .
416 4339 542 4402 tuenda
561 4341 755 4424 scripserat,
775 4357 808 4407 et
831 4345 961 4406 Stoicos
983 4343 1090 4422 specie
1111 4357 1255 4420 tantum,

415 4466 487 4512 non
519 4471 573 4524 re,
602 4451 760 4514 accessisse
782 4451 823 4514 ad
845 4453 1105 4515 chritianorum
1135 4441 1254 4516 doctri·

417 4569 497 4620 narrt
515 4557 729 4622 contenderat
752 4561 792 4642 (p.
816 4575 867 4639 55
894 4563 962 4625 162.
986 4577 1019 4624 et
1041 4563 1141 4644 pali),
1164 4562 1257 4644 paul·

419 4667 455 4728 lc
481 4669 552 4746 poli
578 4651 627 4731 lo.
658 4669 726 4734 Iac.
755 4667 1049 4748 Zimmermanno,
1081 4667 1256 4732 Cinonico

421 4764 606 4858 Tigurino,
636 4775 892 4843 dissertationem
923 4761 1061 4846 dicarit
1077 4779 1257 4850 de'subdo·

420 4887 457 4951 lo
479 4885 669 4952 Stoicorum
690 4889 959 4976 philosophorum
982 4891 1050 4974 post
1071 4891 1111 4954 N.
1136 4891 1174 4953 C.
1196 4889 1256 4953 stu-

1338 3903 1578 3982 lmperatorem
1621 3903 1787 3982 aequitate
1831 3877 1918 3966 dixit
1958 3907 1995 3966 iu
2033 3903 2180 3984 Historia

1340 4011 1413 4073 crit.
1443 4007 1673 4092 philosophiae
1709 4009 1769 4074 To.
1799 4011 1841 4076 Il.
1873 4033 1902 4095 p.
1935 4031 2009 4092 555.
2039 4029 2072 4076 et
2102 4025 2180 4093 585.

1339 4121 1518 4204 Aliquanto
1547 4119 1753 4184 moderatior
1789 4123 1883 4210 Calp.
1913 4112 2066 4192 liar-thius
2098 4120 2195 4205 (A‘dv.

1342 4229 1456 4294 verser.
1489 4230 1550 4292 lib.
1584 4231 1654 4294 LX.
1684 4253 1715 4314 p
1745 4237 1842 4314 ⁹93¹)
1876 4232 2085 4296 Antoninum
2115 4245 2183 4298 non

1332 4339 1411 4424 fine
1429 4341 1678 4446 Christianismi
1699 4338 1816 4426 aliqua
1838 4347 2030 4424 cognitione
2051 4352 2179 4430 stupu-p-

1341 4445 1499 4536 γὲλματα
1521 4451 1577 4512 lua
1596 4449 1749 4532 scripfill'e
1771 4453 2016 4534 pronunciavit.
2112 4443 2135 4502 ’-

1430 4567 1479 4642 29)
1505 4563 1667 4642 laeten-
1690 4561 1765 4638 360·

1426 4675 1480 4748 eo)
1504 4669 1630 4751 Tempe
1652 4666 1811 4732 liniret.
1805 4693 1837 4754 p.
1860 4673 1933 4752 ⁹64.
1955 4687 2027 4754 287.
2053 4687 2086 4736 ct
2105 4691 2178 4756 295.

1341 4775 1390 4842 lix
1412 4777 1479 4842 hoc
1499 4775 1586 4884 libro
1616 4779 1686 4862 ipsa
1716 4781 1787 4845 sere
1808 4781 1966 4845 llrockeri
1990 4783 2089 4848 rerba
2109 4781 2181 4846 reti·
2260 4811 2265 4818 ·

1342 4889 1497 4964 didimus.
