4788 5702
1040 423 1481 548 Ἔπεσ-

419 653 464 728 in
483 648 567 726 eius
583 643 719 720 formis
737 643 888 716 necesse
919 645 992 736 est,
1027 657 1074 716 ut
1092 665 1139 716 ea
1164 660 1362 740 repetam,
1390 667 1490 738 quae
1514 659 1626 718 autea
1646 645 1688 716 iu
1702 644 1931 750 unirersum
1945 643 1993 716 de
2012 643 2216 744 fignifica-

341 868 346 878 .
420 785 531 854 tione
550 775 787 848 diversorum
805 788 985 843 motuum
1010 773 1053 842 in
1081 772 1201 842 animi
1224 772 1426 842 affectibus
1447 772 1601 844 iamiam
1618 773 1880 870 pronuntiavi.
1932 757 2216 863 Praeralentia

424 905 600 982 flexionis
619 901 682 972 vel
701 897 935 970 extensionis
955 901 1103 970 formae
1122 898 1442 996 significationem
1458 899 1501 971 in
1518 901 1737 970 universum
1760 901 1887 970 statuit
1901 899 1989 998 et-sr
2009 899 2216 992 quendam
2254 927 2260 934 ·

426 1033 546 1108 animi
564 1027 820 1130 directionem
841 1025 1037 1118 indicant,
1075 1049 1122 1096 ex
1146 1025 1297 1122 legibus
1323 1041 1436 1096 antea
1463 1025 1517 1126 (ς.
1541 1025 1616 1123 14.)
1640 1027 1801 1122 prolatis
1819 1007 2071 1124 bomologam
2090 1025 2220 1124 figni-

380 1229 396 1242 ,
426 1161 621 1247 beabunt,
648 1155 730 1224 iton
745 1152 1076 1250 antagonisticam.
1130 1153 1217 1246 Quo
1238 1153 1327 1241 siet,
1354 1167 1398 1222 ut
1419 1155 1530 1224 nasus
1547 1153 1670 1250 magis
1689 1152 1890 1247 prosilient
1920 1153 2123 1246 (quoniam
2147 1175 2219 1222 ex-

428 1285 613 1361 tensionis
633 1279 791 1352 maioris
816 1295 855 1346 et
873 1278 1017 1374 vigoris
1040 1278 1233 1372 expanfivi
1258 1278 1425 1374 lignum)
1452 1277 1707 1350 directionem
1726 1279 1846 1350 animi
1865 1278 2122 1374 expansivam,
2153 1301 2220 1350 re·

430 1427 575 1488 tractus
594 1421 728 1482 contra
748 1419 788 1474 et
803 1403 1027 1475 incurvatus
1052 1405 1255 1496 (quoniam
1282 1403 1460 1474 flexionis
1482 1403 1685 1498 indicatio)
1711 1405 1883 1476 animum
1899 1405 1941 1474 in
1960 1405 2219 1498 semetipsum

320 1548 322 1557 '
368 1513 373 1524 ¹
432 1542 583 1612 versum
600 1538 666 1606 seu
686 1530 994 1604 contractionem
1026 1531 1110 1599 eius
1139 1553 1182 1600 ac
1202 1530 1409 1600 flexionem
1438 1553 1601 1630 arguere
1627 1530 1776 1602 debeat.
1838 1535 1941 1628 Ergo
1966 1553 2104 1602 omnes
2128 1529 2218 1600 ani·

402 1695 406 1704 ·
433 1665 488 1742 mi
512 1667 650 1752 status,
679 1658 746 1754 qui
775 1669 888 1728 antea
914 1656 1100 1726 inanimi
1126 1656 1390 1726 emotionibus
1410 1653 1647 1750 permotum
1664 1659 2001 1752 exprimebantur,
2030 1655 2095 1725 hic
2116 1677 2218 1726 cou-

435 1815 494 1868 tra
507 1785 595 1864 stati
614 1802 656 1858 et
669 1783 820 1882 immoti
844 1807 914 1876 per
936 1783 1087 1852 firmam
1113 1783 1276 1852 sormam
1295 1781 1548 1882 homologam
1568 1781 1851 1875 exprimentur,
1880 1808 1996 1878 quam
2013 1781 2216 1854 muscula·

438 1946 499 1996 res
518 1923 559 1990 in
576 1914 736 1988 Mimice
757 1909 927 1981 actiones
946 1909 1244 2000 componebant.
1275 1910 1452 1982 Omnes'
1442 1909 1563 2004 rgitur
1589 1909 1780 2002 expansivi
1798 1909 1917 1980 animi
1936 1925 2080 1998 motus,
2110 1931 2215 2001 quoa
2266 1953 2272 1967 ι

438 2049 536 2122 infra
553 2039 770 2127 nominavi,
805 2012 1381 2130 imprimis'favebuntnaribus
1405 2033 1714 2128 prosilientibusj
1741 2035 1831 2104 inde
1850 2037 1915 2124 fit,
1942 2049 1986 2104 ut
2003 2032 2115 2106 radix
2134 2031 2216 2104 nasa

438 2172 648 2250 admodum
677 2163 879 2262 prosiliens
909 2141 1080 2232 animum
1109 2159 1274 2250 sortem,
1307 2154 1593 2255 superbumque
1623 2161 1768 2230 iudicet
1786 2163 1840 2258 5),
1877 2179 1916 2232 et
1945 2161 2107 2255 aquilini
2132 2159 2214 2246 nasi

286 2331 290 2342 ⁸
402 2301 579 2376 ,hocin
606 2291 885 2391 fignificatione
912 2290 967 2358 sat
995 2287 1142 2383 cogniti
1168 2289 1267 2358 sunt.
1328 2287 1497 2358 Porrosr
1523 2287 1569 2374 ad
1596 2285 1672 2355 nasi
1692 2291 1972 2358 extremitatem
1999 2287 2214 2374 descendis,

418 2447 603 2522 acumen
621 2418 743 2515 magis
769 2415 912 2486 sursum
939 2413 1130 2482 elevatum
1155 2414 1384 2506 superbum,
1421 2427 1689 2510 arrogantem,
1729 2414 1995 2507 impudeneem
2014 2411 2070 2508 ⁶),
2098 2415 2213 2484 nasu·

439 2557 567 2628 tulum
586 2545 787 2617 homiuem
806 2523 974 2620 iudicare
993 2539 1150 2642 constat.
1204 2539 1333 2609 Animi
1358 2540 1461 2608 enirn
1482 2538 1676 2628 extensro,
1704 2561 1801 2631 quae
1823 2541 1863 2610 in
1879 2543 2086 2614 retrorsum
2103 2539 2213 2612 versa

441 2677 590 2753 cervice
607 2667 810 2742 inflexibili
827 2680 868 2734 et
886 2665 926 2734 in
946 2663 1036 2734 uasi-
1049 2663 1177 2760 radice
1209 2664 1380 2758 aquilina
1406 2663 1675 2737 fortitudinem
1699 2667 1995 2760 superbiamque
2015 2667 2213 2766 indigitat,

333 2859 371 2886 ..
441 2808 576 2881 eadem
602 2801 645 2870 in
669 2791 847 2866 acumine
873 2791 1025 2862 elevato
1050 2781 1365 2862 levi'orrrecurrit
1388 2814 1459 2886 per
1488 2773 1769 2888 arrogantiam,
1806 2793 1910 2886 quafi
1931 2797 2212 2890 Interspinosus
2273 2857 2284 2876 ,

441 2936 501 3008 rei
521 2935 690 3014 Levator
709 2915 864 3015 quidam
885 2938 1020 3008 nares,
1050 2932 1094 2988 ut
1111 2915 1151 2988 in
1178 2917 1451 3015 corrugatione
1478 2917 1630 2996 uarium
1650 2920 1713 3009 ut,
1754 2921 2065 3014 semper'sursum
2082 2923 2219 3022 cerus·-

278 3072 283 3084 '
342 3135 345 3142 ,
442 3061 659 3138 susteneat
713 3051 841 3142 Quare
859 3045 924 3135 fit,
954 3061 996 3114 ut
1019 3044 1167 3136 saeptus
1186 3042 1287 3118 hanc
1308 3043 1482 3113 refimam
1501 3067 1688 3114 acuminis
1707 3046 1869 3116 sormam
1886 3049 2133 3120 coniunctam
2155 3073 2214 3118 re

230 3204 238 3212 ‘
361 3237 366 3242 -
442 3183 637 3285 portamus
658 3197 746 3246 cum
761 3169 968 3266 analogia
969 3193 1086 3242 ormrs
1106 3167 1239 3264 rrgtdrs
1257 3167 1385 3262 spinae
1408 3169 1526 3258 dorsi,
1556 3185 1599 3238 ut
1617 3193 1658 3240 ιη
1677 3171 1839 3264 superbo
1859 3175 2213 3272 Anglo,curusrt

443 3310 531 3416 gida
545 3309 649 3408 [pina
666 3295 889 3369 vertebralis
908 3293 1071 3388 speciem
1092 3293 1213 3390 gerit,
1223 3282 1328 3386 quast
1346 3293 1456 3387 palus
1476 3317 1496 3364 a
1517 3297 1672 3366 naribus
1690 3320 1814 3389 usque
1832 3299 1879 3368 ad
1898 3325 2108 3416 coccygem
2119 3327 2210 3399 par·
2225 3397 2228 3401 .

296 3523 302 3552 Ι
445 3439 569 3515 cussus
591 3431 645 3502 fit
699 3423 882 3518 Sequitur
906 3443 1044 3515 porro,
1073 3435 1138 3508 ut,
1167 3419 1361 3492 fialarum
1388 3417 1466 3489 uass
1485 3437 1687 3512 aperturae
1707 3425 1978 3521 magnitudine
1999 3429 2211 3522 excelsum,

361 3621 365 3631 f
441 3529 649 3640 necessario
681 3552 840 3624 similem
866 3546 988 3618 animi
1009 3543 1250 3639 expansionis
1278 3541 1601 3645 siguificat-ionem
1618 3547 1759 3622 habeat
1776 3575 1810 3622 e.
1831 3575 1889 3650 gr.
1914 3554 2157 3630 fortitudinis
2176 3557 2209 3648 7)

687 3701 694 3720 t
1840 3693 1847 3700 '
1978 3690 1982 3698 ¹
2107 3671 2133 3694 '‘

521 3853 560 3936 5)
584 3845 782 3908 Lavater
824 3831 1138 3921 pbyfiognomiscbe
1174 3833 1283 3918 Frag-
1371 3879 1377 3900 .
1454 3839 1487 3916 7)
1511 3838 1680 3920 Aristotel.
1713 3860 1738 3902 o
1767 3839 1807 3903 b:
1849 3839 1900 3914 oss
1925 3837 1957 3909 δε
1982 3843 2014 3910 os
2039 3865 2208 3938 pomp&

442 3976 552 4032 mente
574 3957 720 4033 dep.
739 3958 833 4025 258⁰·
866 3945 958 4009 Oben
980 3947 1046 4026 bey
1069 3949 1131 4008 der
1148 3933 1285 4008 Wurzel
1368 3941 1650 4033 svaesmprvor,
1695 3951 1879 4032 θυμωθεις
1910 3957 2093 4020 Adamana.
2097 3959 2208 4041 Pby·

440 4069 675 4155 ,orgetogene
705 4057 822 4142 Nasen
845 4055 928 4140 find
959 4053 1179 4140 cortrefflich
1209 4076 1298 4124 eum
1368 4055 1577 4144 fingam(
1561 4059 1630 4134 (ed.
1664 4059 1791 4138 Franz.)
1822 4083 1851 4144 p
1884 4083 1982 4141 4or..
2028 4085 2208 4164 pronepes,

446 4183 618 4260 Geticam,
641 4165 844 4251 Herrscben,
872 4165 1021 4268 Wirlren,
1040 4164 1281 4249 Durchsetaen,
1368 4163 1685 4254 a'varerropsrour,
1727 4171 1841 4254 θυμου
1871 4193 1926 4238 και
1952 4167 2062 4261 dinae
2081 4197 2206 4268 propru-

445 4293 639 4382 Zersffinm
1368 4294 1431 4366 pas
1455 4279 1582 4346 ‘rr-‘saon
1609 4311 1653 4326 -
1675 4277 1876 4344 Lavaterl.
1904 4301 1931 4346 c
1951 4284 2011 4348 Bd·
2035 4303 2067 4368 p
2083 4307 2115 4372 p.
2137 4305 2205 4349 tro..¹

526 4402 558 4480 6)
583 4397 749 4462 Polemon.
780 4387 954 4470 Physiogn.
987 4383 1050 4462 (ed.
1083 4385 1213 4460 Franz.)
1249 4405 1280 4468 p.
1367 4389 1422 4448 Aa
1448 4387 1794 4487 unternehmerrden,
1803 4413 1967 4470 warmen,
1998 4396 2205 4490 krastvoslen

392 4495 399 4506 “
440 4495 531 4596 ’,θμ
556 4505 787 4590 ἂναιςχυντου
805 4521 864 4582 μεν
889 4515 1006 4582 oppeto
1023 4491 1119 4558 rats·
1145 4491 1282 4579 ὀφθαλ-
1367 4493 1539 4558 Mci‘nnern
1555 4501 1681 4562 werdet
1697 4501 1753 4562 ihr
1762 4503 1892 4584 seiten,
1916 4521 1970 4571 um
1989 4507 2083 4570 nicht
2096 4529 2139 4571 zu
2147 4510 2205 4594 sa.

442 4648 499 4713 μοι
524 4617 782 4698 ἇνεπτυγμενοι,
823 4601 990 4694 λαμπροι,
1029 4601 1191 4692 βλεφαρα
1218 4601 1281 4674 εἰς
1365 4625 1432 4685 gen
1461 4609 1518 4668 nie
1545 4609 1681 4695 (solone)
1710 4611 1819 4672 sicine
1841 4615 1957 4702 rande
1979 4619 2205 4702 Nasensb'c'srer
2239 4691 2252 4704 ‚

441 4742 692 4814 sarraconem,
723 4735 861 4802 παχεα·
883 4733 1088 4798 soporans,
1121 4734 1281 4804 παχυριν,
1320 4711 1547 4795 antreffen.
1579 4748 1621 4763 -
1650 4719 1713 4780 Iu
1710 4722 1810 4806 equis
1842 4699 1979 4808 aliisque
2009 4729 2225 4826 animalibus,

314 4879 324 4898 r
376 4834 380 4848 '
442 4845 554 4912 άντων
573 4834 672 4928 ὅρων,
695 4824 762 4894 bru
780 4819 1129 4926 τεινωνὲσιυϊονειιιζΔ
1181 4899 1190 4908 .
1315 4880 1319 4888 .
1366 4823 1459 4888 idem
1477 4823 1668 4890 satcenstrt.
