4806 5702
292 4831 295 4840 '
331 4833 336 4870 l

1140 433 1449 554 ..244-

416 637 581 712 victorio
600 645 736 718 Ducali
763 641 832 740 ipii
857 643 1122 718 demandatum
1149 645 1210 722 eti.
1263 653 1349 722 Hoc
1375 671 1537 733 munus.
1572 641 1675 742 quod
1694 646 1738 718 id
1758 644 1934 720 aedificiis
1953 646 2181 724 academicis

303 792 307 801 ¹
418 763 652 842 domicilium
669 751 798 866 capere
813 771 938 862 iubet,
973 773 1089 847 caulla
1111 793 1210 862 mat,
1246 801 1312 848 cur
1324 771 1454 848 studiis
1472 773 1717 870 theologicis,
1752 775 2182 872 quibushucusqueita

415 891 582 984 vixerat,
614 915 658 970 ut
683 899 829 995 templo
856 901 1068 976 academico
1092 901 1170 974 fere
1185 897 1292 974 'unus
1310 901 1504 998 praeelier,
1539 919 1577 972 et
1592 899 1699 972 binas
1719 899 1967 994 parmensem
1983 903 2180 994 orationes

413 1015 532 1096 sacras
550 1022 741 1114 recitaret,
768 1051 872 1100 nunc
886 1049 1011 1101 rerum
1028 1029 1256 1107 naturalium
1274 1027 1531 1128 cognitionem
1546 1051 1626 1098 non
1643 1029 1813 1124 iungeret
1829 1027 1972 1116 folum,
1997 1028 2060 1098 sed
2075 1027 2183 1100 ante·
2253 1031 2266 1046 ‘

412 1165 582 1242 poneret.
633 1152 774 1226 Accola
797 1154 1036 1227 enimfactus
1057 1173 1141 1227 erar
1154 1157 1255 1227 horti
1273 1155 1476 1233 academici
1490 1132 1659 1224 botanici
1673 1171 1712 1223 st
1727 1153 1942 1238 hortulani,
1977 1143 2070 1226 moia
2085 1157 2182 1228 arui·

412 1273 469 1362 ci,
504 1272 732 1372 Kliplleinii,
762 1283 827 1377 qui
852 1307 938 1376 eum
963 1283 1010 1354 ad
1034 1279 1196 1354 [ludium
1228 1283 1421 1355 botanices
1441 1287 1561 1355 amica
1580 1303 1696 1374 manu
1718 1279 1885 1354 deduxit.
1937 1281 2181 1354 Abotanicis

411 1379 547 1474 danda
563 1403 610 1476 ad
628 1407 824 1506 zoologica
840 1425 877 1480 et
891 1399 1154 1507 mineralogica
1172 1431 1350 1506 pergens,
1376 1431 1529 1484 omnem
1548 1401 1734 1493 bilioriae,
1762 1431 1875 1502 quam
1893 1404 2044 1494 dicunt,
2070 1401 2187 1498 uatis-¹
2230 1375 2243 1398 ’

409 1527 500 1598 ralis
516 1529 701 1606 ambitum
717 1531 784 1609 libi
804 1535 973 1630 penitius
993 1536 1295 1638 cognoscendum
1307 1533 1686 1630 perlcrutandumque
1697 1533 1901 1628 proposuit,
1919 1535 1972 1606 ita
1984 1551 2027 1602 ut
2038 1535 2182 1628 praeire

411 1653 524 1728 etiam
548 1657 652 1748 aliis,
677 1661 720 1732 in
743 1660 842 1734 idem
862 1649 1025 1734 ltudium
1045 1663 1389 1752 incumbentibus,
1408 1665 1475 1736 has
1494 1641 1743 1754 disciplinas⁴
1723 1685 1764 1730 tn
1783 1661 1951 1732 animum
1969 1659 2179 1732 induceret.

273 1825 275 1832 ·
380 1876 385 1886 Ι
413 1781 561 1879 Quibus
577 1779 706 1860 studiis
724 1781 856 1878 effecit,
883 1808 937 1878 ut,
966 1815 1083 1898 quum
1100 1789 1182 1914 post
1192 1791 1518 1864 Walchiiobitum
1534 1785 2179 1886 annorpppserertiffimuaMagnus

410 1911 504 1982 Dux
521 1915 638 1984 Saxo·
651 1913 888 1990 Vimarienlis
905 1917 1100 2004 Mulsum,
1135 1918 1238 2014 quod
1261 1919 1327 1990 ille
1351 1919 1573 2014 reliquerat,
1611 1915 1816 2009 emptionis
1840 1895 1920 1986 iure
1944 1915 2051 1986 suum
2076 1913 2180 1986 fecit-

162 2041 167 2060 ·
302 2083 312 2104 .
409 2033 474 2122 iet,
499 2037 618 2132 ipsum
637 2041 726 2114 huic
742 2043 874 2116 Museo
891 2069 995 2116 nunc
1012 2047 1151 2118 Ducalr
1167 2044 1394 2140 praeficeret
1419 2063 1503 2114 ets.
1519 2061 1617 2133 1735
1635 2043 1750 2113 titulo
1770 2035 1962 2116 secretarii
1981 2067 2033 2114 rer
2051 2044 2184 2114 metal
2292 2135 2297 2145 Ι

408 2161 514 2236 licat·
532 2183 691 2240 ornaret.
744 2169 837 2278 Inde
862 2133 908 2242 ab
934 2171 1009 2244 hoc
1028 2189 1197 2266 tempore
1217 2171 1482 2266 mineralogiae
1501 2193 1653 2264 operam
1670 2193 1823 2246 omnem
1848 2187 1887 2240 et
1900 2193 2013 2240 omns
2031 2163 2182 2262 tempus

405 2291 617 2386 impendit,
651 2298 941 2396 quamquidem
965 2297 1198 2394 disciplinam
1223 2297 1326 2392 prius
1353 2321 1402 2370 cx
1424 2295 1595 2371 Wallerii
1620 2315 1659 2367 ct
1678 2291 1901 2404 Croniiedtii
1923 2293 2180 2388 systematibus
2233 2295 2239 2302 “

311 2495 313 2502 ,
409 2417 669 2510 enucleatam,
713 2445 807 2496 mox
834 2425 881 2496 ad
904 2424 1138 2498 celeberrimi
1164 2423 1336 2508 Werneri
1362 2423 1590 2496 lineamenta
1616 2421 1692 2519 ipss
1721 2423 1929 2494 accuratius
1960 2423 2181 2511 elaboravit,

411 2562 451 2618 et
476 2545 630 2622 condita
654 2574 687 2624 a.
708 2571 803 2644 1793
829 2553 1013 2626 Societate
1037 2553 1323 2648 mineralogica,
1363 2551 1495 2624 multis
1521 2549 1664 2644 scriptis
1691 2547 1865 2622 adiuvare
1891 2567 1928 2620 et
1954 2573 2181 2644 promovere

409 2667 561 2742 lluduit
614 2663 762 2768 Quibus
781 2673 921 2756 studiis
952 2671 1165 2746 lerenislimi
1196 2673 1414 2744 Academiae
1442 2671 1609 2745 lentulis
1637 2675 1876 2763 Nutritorcs,
1916 2694 1960 2746 et
1987 2677 2181 2790 imprimis

221 2841 263 2900 ¹·‚
304 2777 315 2798 ’
411 2796 579 2892 Magnus
596 2801 690 2870 Dux
707 2797 907 2887 Saxonlae,
927 2797 976 2872 lic
994 2817 1221 2888 annuerunt,
1243 2815 1335 2872 uta.
1356 2815 1455 2894 1794
1473 2797 1687 2874 Proiellcrrs
1703 2801 1999 2890 extraordinaru
2025 2829 2057 2877 a.
2080 2805 2181 2893 1316

78 2955 83 2968 ·
164 2943 201 2989 .¹
269 2959 278 2974 ι
413 2914 634 2996 Profeffou's
657 2921 855 3050 ordinarii,
891 2945 928 2998 et
947 2927 1022 3000 iam
1041 2929 1197 3000 antehac
1214 2925 1420 3000 Conliiranr
1436 2947 1490 3000 rer
1507 2929 1719 3004 metallicae
1735 2929 1955 3003 muneribus
1973 2947 2010 3002 et
2025 2933 2183 3003 bonon-

289 3153 293 3168 .
412 3049 487 3124 bur
506 3070 592 3122 euru
612 3053 802 3149 augerent.
855 3057 1045 3128 Praeterea
1061 3052 1227 3154 Magbus
1244 3059 1336 3126 Dux
1353 3055 1559 3145 saxoniae,
1588 3079 1664 3153 quo
1682 3057 1902 3128 meritorum
1926 3040 2183 3132 testimonium

414 3176 566 3272 publice
596 3178 812 3268 exhiberet,
852 3199 1058 3266 monetam'
1077 3183 1184 3254 illam
1218 3181 1361 3254 maritis
1389 3182 1552 3254 dicatam
1579 3181 1626 3252 ab
1651 3183 1772 3278 iisque
1798 3181 1932 3254 dictam
1961 3185 1996 3256 ei
2024 3185 2179 3274 obtulit,

324 3341 327 3352 ·
415 3329 530 3402 quatu
559 3324 751 3404 tamquam
782 3304 926 3406 infigne
950 3333 1037 3382 curu
1061 3304 1240 3381 lemnisco
1270 3307 1386 3379 rubro
1411 3299 1760 3382 ordinieaatoonis
1785 3303 1948 3408 gefiaret.
1999 3314 2179 3407 Denique

415 3432 528 3506 ctiam
544 3435 746 3510 societates
762 3435 962 3510 litterariae
978 3461 1044 3531 per
1060 3434 1267 3518 uniuersam
1282 3458 1407 3532 prope
1417 3439 1618 3531 Europam
1627 3459 1713 3508 eum
1732 3436 1874 3508 socium
1892 3455 2178 3574 coaptaverunt.

215 3691 217 3702 Ι
266 3691 271 3704 1
353 3647 355 3656 =
410 3597 417 3610 '
517 3603 680 3706 Scripta,
716 3628 809 3702 quae
825 3604 1035 3700 composuit
1051 3623 1087 3680 et
1102 3625 1204 3702 typis
1221 3629 1387 3704 exprrmt
1375 3605 1600 3704 hucusque
1617 3603 1737 3694 milit,
1763 3603 1810 3678 ad
1829 3565 1999 3680 ordinem
2018 3595 2181 3684 οιιοιιοέ

413 3727 588 3828 logicum
604 3725 771 3822 redacta,
796 3734 887 3806 haec
904 3733 1012 3808 sunt:
1119 3787 1125 3802 .
1182 3783 1184 3791 ·

418 3901 448 4000 ι)
473 3867 719 3998 Commentario
739 3901 777 3964 de
794 3902 989 3986 paedagogia
1011 3917 1160 3968 veterum
1174 3905 1412 3966 Romanorum.
1456 3903 1555 3963 Ieuaa
1575 3904 1664 3982 1766.
1689 3921 1720 3982 4.

414 4021 447 4098 a)
471 4019 618 4084 Verluch
637 4021 730 4084 siner
744 4017 930 4152 Erklirung
947 4023 1005 4083 der
1020 4019 1148 4086 Stelle'
1139 4043 1189 4086 tm
1205 4023 1318 4086 buche
1340 4023 1398 4084 der
1413 4021 1552 4084 liicbter·
1570 4041 1646 4083 vom
1663 3999 1815 4086 Gelobde
1834 4021 1888 4082 des
1904 4019 2055 4102 Iepbtlra.
2099 4021 2182 4084 Iena

501 4141 593 4218 1768
616 4159 648 4221 4·

285 4317 289 4328 ,
412 4205 1670 4344 51Erkl'a'rungdetsebtenS.derDanzricheuebriiicheuspmcblelire.
1713 4253 1795 4322 leus
1814 4271 1903 4340 ¹77¹·
1926 4279 1957 4338 4.

315 4457 348 4489 ,.
413 4410 448 4490 4)
471 4409 662 4474 Veriucb
635 4433 727 4476 eruar
745 4417 1000 4498 Beantwortung
1017 4415 1074 4478 der
1091 4415 1214 4497 Frage
1246 4415 1384 4478 Warum
1400 4413 1507 4478 Ruth
1515 4435 1542 4476 ι.
1557 4425 1586 4488 0.
1602 4435 1632 4497 9.
1652 4413 1706 4476 dre
1723 4413 1847 4474 Noomr
1863 4413 1919 4474 dar
1938 4411 2103 4478 Suffixum
2121 4414 2182 4477 der

500 4529 717 4594 ιιιιιιιιιιοιιιιι
736 4531 1073 4618 Eudurggebraucht
1090 4533 1156 4600 bat.
1199 4533 1279 4598 Iena
1299 4552 1390 4614 1774.
1412 4554 1443 4612 4.

414 4685 449 4764 5)
472 4683 521 4748 Μ.
540 4681 579 4746 Τ.
598 4683 783 4752 Ciceronis
794 4685 958 4754 librorum
981 4687 1340 4774 philosophicorumP.
1355 4687 1381 4759 Ι
1399 4637 1490 4750 inis
1508 4683 1870 4760 continensLaeb'um,
1892 4684 1959 4751 five
1976 4685 2180 4750 deamicitia

498 4801 688 4898 dialogum,
711 4785 959 4872 exsecaulioua
976 4807 1128 4880 Graeviis
1150 4805 1444 4874 acceditlcctiouit
1460 4805 1600 4870 serietas
1617 4805 1688 4868 cod.
1705 4801 1849 4870 manase.
1865 4803 2087 4882 Erlurteulis,
2109 4805 2178 4867 edi·
