<?xml version="1.0" encoding="UTF-8"?>
<!DOCTYPE html PUBLIC "-//W3C//DTD XHTML 1.0 Transitional//EN"
    "http://www.w3.org/TR/xhtml1/DTD/xhtml1-transitional.dtd">
<html xmlns="http://www.w3.org/1999/xhtml" xml:lang="en" lang="en">
 <head>
  <title>
</title>
<meta http-equiv="Content-Type" content="text/html;charset=utf-8" />
  <meta name='ocr-system' content='tesseract 3.04.00' />
  <meta name='ocr-capabilities' content='ocr_page ocr_carea ocr_par ocr_line ocrx_word'/>
</head>
<body>
  <div class='ocr_page' id='page_1' title='image "./annalesacademia00jenagoog_0411.png"; bbox 0 0 4788 5702; ppageno 0'>
   <div class='ocr_carea' id='block_1_1' title="bbox 1063 365 1530 502">
    <p class='ocr_par' dir='ltr' id='par_1_1' title="bbox 1063 365 1530 502">
     <span class='ocr_line' id='line_1_1' title="bbox 1063 365 1530 502; baseline -0.011 3"><span class='ocrx_word' id='word_1_1' title='bbox 1063 459 1068 468; x_wconf 94' lang='lat'>·</span> <span class='ocrx_word' id='word_1_2' title='bbox 1158 447 1211 471; x_wconf 91' lang='lat'><strong>-·</strong></span> <span class='ocrx_word' id='word_1_3' title='bbox 1266 411 1364 502; x_wconf 76' lang='lat'><strong>&#39;³76</strong></span> <span class='ocrx_word' id='word_1_4' title='bbox 1432 365 1530 474; x_wconf 75' lang='lat'><strong>,.&#39;</strong></span> 
     </span>
    </p>
   </div>
   <div class='ocr_carea' id='block_1_2' title="bbox 361 597 2305 1601">
    <p class='ocr_par' dir='ltr' id='par_1_2' title="bbox 1197 597 1821 695">
     <span class='ocr_line' id='line_1_2' title="bbox 1197 597 1821 695; baseline -0.01 -25"><span class='ocrx_word' id='word_1_5' title='bbox 1197 658 1200 668; x_wconf 92' lang='lat'>.</span> <span class='ocrx_word' id='word_1_6' title='bbox 1246 597 1283 695; x_wconf 58' lang='grc' dir='ltr'><strong>ς.</strong></span> <span class='ocrx_word' id='word_1_7' title='bbox 1350 618 1406 690; x_wconf 78' lang='grc'><strong>19.</strong></span> <span class='ocrx_word' id='word_1_8' title='bbox 1755 631 1764 665; x_wconf 75' lang='grc' dir='ltr'><strong>ι</strong></span> <span class='ocrx_word' id='word_1_9' title='bbox 1816 658 1821 672; x_wconf 79' lang='grc'>,</span> 
     </span>
    </p>

    <p class='ocr_par' dir='ltr' id='par_1_3' title="bbox 361 675 2305 1476">
     <span class='ocr_line' id='line_1_3' title="bbox 459 675 2235 826; baseline -0.019 -1"><span class='ocrx_word' id='word_1_10' title='bbox 459 775 468 826; x_wconf 84' lang='grc' dir='ltr'><strong>ι</strong></span> <span class='ocrx_word' id='word_1_11' title='bbox 520 735 677 818; x_wconf 89' lang='lat' dir='ltr'><strong>Metui</strong></span> <span class='ocrx_word' id='word_1_12' title='bbox 694 757 793 812; x_wconf 80' lang='lat' dir='ltr'><strong>vera</strong></span> <span class='ocrx_word' id='word_1_13' title='bbox 805 745 942 803; x_wconf 84' lang='lat' dir='ltr'><strong>natura</strong></span> <span class='ocrx_word' id='word_1_14' title='bbox 961 729 1027 800; x_wconf 88' lang='lat' dir='ltr'><strong>lua</strong></span> <span class='ocrx_word' id='word_1_15' title='bbox 1047 675 1249 814; x_wconf 81' lang='lat' dir='ltr'><strong>arctiilime</strong></span> <span class='ocrx_word' id='word_1_16' title='bbox 1268 725 1534 824; x_wconf 83' lang='lat' dir='ltr'><strong>adiunguntur</strong></span> <span class='ocrx_word' id='word_1_17' title='bbox 1549 722 1671 818; x_wconf 83' lang='lat' dir='ltr'><strong>pudor</strong></span> <span class='ocrx_word' id='word_1_18' title='bbox 1691 737 1738 794; x_wconf 88' lang='lat' dir='ltr'><strong>et</strong></span> <span class='ocrx_word' id='word_1_19' title='bbox 1749 729 1960 802; x_wconf 72' lang='lat' dir='ltr'><strong>reverentia.</strong></span> <span class='ocrx_word' id='word_1_20' title='bbox 2013 723 2235 797; x_wconf 77' lang='lat' dir='ltr'>Ambobus</span> 
     </span>
     <span class='ocr_line' id='line_1_4' title="bbox 445 847 2237 950; baseline -0.017 0"><span class='ocrx_word' id='word_1_21' title='bbox 445 875 548 950; x_wconf 88' lang='lat' dir='ltr'><strong>enim</strong></span> <span class='ocrx_word' id='word_1_22' title='bbox 574 867 701 941; x_wconf 80' lang='lat' dir='ltr'><strong>lenius</strong></span> <span class='ocrx_word' id='word_1_23' title='bbox 718 862 815 936; x_wconf 83' lang='lat' dir='ltr'><strong>inest</strong></span> <span class='ocrx_word' id='word_1_24' title='bbox 842 873 1093 930; x_wconf 87' lang='lat' dir='ltr'><strong>externorum</strong></span> <span class='ocrx_word' id='word_1_25' title='bbox 1102 847 1363 948; x_wconf 73' lang='lat' dir='ltr'>praestantiae</span> <span class='ocrx_word' id='word_1_26' title='bbox 1384 863 1423 920; x_wconf 89' lang='lat' dir='ltr'><strong>et</strong></span> <span class='ocrx_word' id='word_1_27' title='bbox 1448 847 1704 944; x_wconf 61' lang='lat' dir='ltr'><strong>suimetipsius</strong></span> <span class='ocrx_word' id='word_1_28' title='bbox 1724 851 1944 926; x_wconf 83' lang='lat' dir='ltr'><strong>debilitatis.</strong></span> <span class='ocrx_word' id='word_1_29' title='bbox 1997 851 2138 924; x_wconf 85' lang='lat' dir='ltr'><strong>Pudor</strong></span> <span class='ocrx_word' id='word_1_30' title='bbox 2162 873 2237 920; x_wconf 90' lang='lat' dir='ltr'><strong>au-</strong></span> 
     </span>
     <span class='ocr_line' id='line_1_5' title="bbox 443 977 2234 1102; baseline -0.02 -24"><span class='ocrx_word' id='word_1_31' title='bbox 443 999 524 1078; x_wconf 75' lang='lat' dir='ltr'><strong>tem</strong></span> <span class='ocrx_word' id='word_1_32' title='bbox 543 1017 667 1090; x_wconf 87' lang='lat' dir='ltr'><strong>aeque</strong></span> <span class='ocrx_word' id='word_1_33' title='bbox 687 1013 730 1062; x_wconf 89' lang='lat' dir='ltr'><strong>ac</strong></span> <span class='ocrx_word' id='word_1_34' title='bbox 746 985 964 1060; x_wconf 88' lang='lat' dir='ltr'><strong>reverentia</strong></span> <span class='ocrx_word' id='word_1_35' title='bbox 981 982 1105 1056; x_wconf 90' lang='lat' dir='ltr'><strong>multo</strong></span> <span class='ocrx_word' id='word_1_36' title='bbox 1122 979 1426 1102; x_wconf 61' lang='lat' dir='ltr'><strong>tranquilliores,</strong></span> <span class='ocrx_word' id='word_1_37' title='bbox 1455 977 1725 1070; x_wconf 87' lang='lat' dir='ltr'><strong>lenioresque,</strong></span> <span class='ocrx_word' id='word_1_38' title='bbox 1752 1002 1867 1072; x_wconf 89' lang='lat' dir='ltr'><strong>quarn</strong></span> <span class='ocrx_word' id='word_1_39' title='bbox 1885 979 2054 1054; x_wconf 75' lang='lat' dir='ltr'>anxietas</span> <span class='ocrx_word' id='word_1_40' title='bbox 2076 993 2123 1048; x_wconf 89' lang='lat' dir='ltr'><strong>et</strong></span> <span class='ocrx_word' id='word_1_41' title='bbox 2145 1001 2234 1050; x_wconf 84' lang='lat' dir='ltr'><strong>me-</strong></span> 
     </span>
     <span class='ocr_line' id='line_1_6' title="bbox 445 1103 2235 1220; baseline -0.017 -15"><span class='ocrx_word' id='word_1_42' title='bbox 445 1134 520 1206; x_wconf 72' lang='lat' dir='ltr'><strong>tus.</strong></span> <span class='ocrx_word' id='word_1_43' title='bbox 575 1125 662 1220; x_wconf 82' lang='lat' dir='ltr'><strong>Quo</strong></span> <span class='ocrx_word' id='word_1_44' title='bbox 687 1119 753 1210; x_wconf 73' lang='lat' dir='ltr'><strong>fit,</strong></span> <span class='ocrx_word' id='word_1_45' title='bbox 790 1133 834 1188; x_wconf 94' lang='lat' dir='ltr'><strong>ut</strong></span> <span class='ocrx_word' id='word_1_46' title='bbox 850 1127 980 1189; x_wconf 88' lang='lat' dir='ltr'><strong>motus</strong></span> <span class='ocrx_word' id='word_1_47' title='bbox 999 1107 1185 1210; x_wconf 82' lang='lat' dir='ltr'><strong>flexotii</strong></span> <span class='ocrx_word' id='word_1_48' title='bbox 1175 1129 1217 1176; x_wconf 86' lang='grc' dir='ltr'><strong>ιιι</strong></span> <span class='ocrx_word' id='word_1_49' title='bbox 1233 1105 1384 1200; x_wconf 89' lang='lat' dir='ltr'><strong>pudore</strong></span> <span class='ocrx_word' id='word_1_50' title='bbox 1409 1105 1533 1188; x_wconf 82' lang='lat' dir='ltr'><strong>multo</strong></span> <span class='ocrx_word' id='word_1_51' title='bbox 1553 1103 1682 1178; x_wconf 88' lang='lat' dir='ltr'><strong>minus</strong></span> <span class='ocrx_word' id='word_1_52' title='bbox 1701 1120 1829 1178; x_wconf 86' lang='lat' dir='ltr'><strong>totum</strong></span> <span class='ocrx_word' id='word_1_53' title='bbox 1846 1129 1986 1202; x_wconf 88' lang='lat' dir='ltr'><strong>corpus</strong></span> <span class='ocrx_word' id='word_1_54' title='bbox 2005 1121 2235 1200; x_wconf 88' lang='lat' dir='ltr'><strong>occupent,</strong></span> 
     </span>
     <span class='ocr_line' id='line_1_7' title="bbox 446 1222 2235 1356; baseline -0.015 -26"><span class='ocrx_word' id='word_1_55' title='bbox 446 1255 620 1356; x_wconf 82' lang='lat' dir='ltr'><strong>quentin</strong></span> <span class='ocrx_word' id='word_1_56' title='bbox 637 1263 758 1321; x_wconf 88' lang='lat' dir='ltr'><strong>metu.</strong></span> <span class='ocrx_word' id='word_1_57' title='bbox 811 1237 1043 1314; x_wconf 86' lang='lat' dir='ltr'><strong>Pudicitlal</strong></span> <span class='ocrx_word' id='word_1_58' title='bbox 1027 1222 1149 1313; x_wconf 85' lang='lat' dir='ltr'><strong>solum</strong></span> <span class='ocrx_word' id='word_1_59' title='bbox 1174 1247 1309 1326; x_wconf 86' lang='lat' dir='ltr'><strong>caput,</strong></span> <span class='ocrx_word' id='word_1_60' title='bbox 1338 1231 1701 1324; x_wconf 87' lang='lat' dir='ltr'><strong>eiusquaFlexores</strong></span> <span class='ocrx_word' id='word_1_61' title='bbox 1726 1231 2235 1306; x_wconf 85' lang='lat' dir='ltr'><strong>adcoulenlualemactio·</strong></span> 
     </span>
     <span class='ocr_line' id='line_1_8' title="bbox 361 1355 2305 1476; baseline -0.019 -14"><span class='ocrx_word' id='word_1_62' title='bbox 361 1469 365 1476; x_wconf 45' lang='lat'><strong>,</strong></span> <span class='ocrx_word' id='word_1_63' title='bbox 443 1351 1211 1460; x_wconf 83' lang='lat' dir='ltr'><strong>nemexcitatetAriltotelesiamdicit:</strong></span> <span class='ocrx_word' id='word_1_64' title='bbox 1240 1359 1688 1456; x_wconf 71' lang='grc' dir='ltr'><strong>ἐνόφθιιλμοιςγαρ</strong></span> <span class='ocrx_word' id='word_1_65' title='bbox 1700 1360 1841 1448; x_wconf 61' lang='lat' dir='ltr'><strong>aliur.</strong></span> <span class='ocrx_word' id='word_1_66' title='bbox 1897 1355 2233 1460; x_wconf 84' lang='lat' dir='ltr'><strong>Pudibundoi&#39;gi·</strong></span> <span class='ocrx_word' id='word_1_67' title='bbox 2302 1382 2305 1390; x_wconf 57' lang='lat'><em>⁴</em></span> 
     </span>
    </p>

    <p class='ocr_par' dir='ltr' id='par_1_4' title="bbox 372 1483 2233 1601">
     <span class='ocr_line' id='line_1_9' title="bbox 372 1483 2233 1601; baseline -0.008 -27"><span class='ocrx_word' id='word_1_68' title='bbox 372 1565 375 1574; x_wconf 80' lang='grc'>,</span> <span class='ocrx_word' id='word_1_69' title='bbox 446 1532 510 1586; x_wconf 88' lang='lat' dir='ltr'><strong>tur</strong></span> <span class='ocrx_word' id='word_1_70' title='bbox 530 1520 647 1601; x_wconf 87' lang='lat' dir='ltr'><strong>caput</strong></span> <span class='ocrx_word' id='word_1_71' title='bbox 662 1498 854 1584; x_wconf 85' lang='lat' dir='ltr'><strong>flectitur,</strong></span> <span class='ocrx_word' id='word_1_72' title='bbox 883 1489 1140 1582; x_wconf 87' lang='lat' dir='ltr'><strong>deiiciturqua</strong></span> <span class='ocrx_word' id='word_1_73' title='bbox 1168 1485 1320 1583; x_wconf 83' lang='lat' dir='ltr'><strong>vultus,</strong></span> <span class='ocrx_word' id='word_1_74' title='bbox 1357 1483 1603 1556; x_wconf 84' lang='lat' dir='ltr'><strong>Orbiculares</strong></span> <span class='ocrx_word' id='word_1_75' title='bbox 1623 1487 1704 1558; x_wconf 88' lang='lat' dir='ltr'><strong>oris</strong></span> <span class='ocrx_word' id='word_1_76' title='bbox 1732 1502 1772 1556; x_wconf 90' lang='lat' dir='ltr'><strong>et</strong></span> <span class='ocrx_word' id='word_1_77' title='bbox 1790 1487 1995 1560; x_wconf 74' lang='lat' dir='ltr'><strong>nouorum</strong></span> <span class='ocrx_word' id='word_1_78' title='bbox 2015 1506 2233 1584; x_wconf 85' lang='lat' dir='ltr'><strong>aperturas</strong></span> 
     </span>
    </p>
   </div>
   <div class='ocr_carea' id='block_1_3' title="bbox 264 1607 2233 1734">
    <p class='ocr_par' dir='ltr' id='par_1_5' title="bbox 264 1607 2233 1734">
     <span class='ocr_line' id='line_1_10' title="bbox 264 1607 2233 1734; baseline -0.015 -19"><span class='ocrx_word' id='word_1_79' title='bbox 264 1607 270 1624; x_wconf 37' lang='lat'>¹</span> <span class='ocrx_word' id='word_1_80' title='bbox 378 1633 381 1642; x_wconf 64' lang='grc'><em>’</em></span> <span class='ocrx_word' id='word_1_81' title='bbox 447 1611 705 1734; x_wconf 78' lang='lat' dir='ltr'><strong>contrahunt,</strong></span> <span class='ocrx_word' id='word_1_82' title='bbox 731 1620 868 1696; x_wconf 75' lang='lat' dir='ltr'><strong>sicuti</strong></span> <span class='ocrx_word' id='word_1_83' title='bbox 858 1643 899 1690; x_wconf 88' lang='lat' dir='ltr'><strong>tn</strong></span> <span class='ocrx_word' id='word_1_84' title='bbox 919 1631 1027 1688; x_wconf 90' lang='lat' dir='ltr'><strong>metu</strong></span> <span class='ocrx_word' id='word_1_85' title='bbox 1048 1637 1225 1708; x_wconf 90' lang='lat' dir='ltr'><strong>quoque,</strong></span> <span class='ocrx_word' id='word_1_86' title='bbox 1255 1613 1429 1684; x_wconf 85' lang='lat' dir='ltr'><strong>rrruente</strong></span> <span class='ocrx_word' id='word_1_87' title='bbox 1446 1611 1645 1706; x_wconf 76' lang='lat' dir='ltr'><strong>periculo</strong></span> <span class='ocrx_word' id='word_1_88' title='bbox 1670 1607 1783 1684; x_wconf 79' lang='lat' dir='ltr'><strong>anteit</strong></span> <span class='ocrx_word' id='word_1_89' title='bbox 1803 1629 1935 1710; x_wconf 74' lang='lat' dir='ltr'><strong>aperta</strong></span> <span class='ocrx_word' id='word_1_90' title='bbox 1953 1639 2019 1688; x_wconf 87' lang='lat' dir='ltr'><strong>ora</strong></span> <span class='ocrx_word' id='word_1_91' title='bbox 2046 1633 2088 1692; x_wconf 85' lang='lat' dir='ltr'><strong>et</strong></span> <span class='ocrx_word' id='word_1_92' title='bbox 2109 1617 2233 1688; x_wconf 89' lang='lat' dir='ltr'><strong>hran</strong></span> 
     </span>
    </p>
   </div>
   <div class='ocr_carea' id='block_1_4' title="bbox 346 1739 2308 3748">
    <p class='ocr_par' dir='ltr' id='par_1_6' title="bbox 346 1739 2308 3748">
     <span class='ocr_line' id='line_1_11' title="bbox 447 1739 2231 1860; baseline -0.011 -27"><span class='ocrx_word' id='word_1_93' title='bbox 447 1769 500 1840; x_wconf 86' lang='lat' dir='ltr'><strong>tia</strong></span> <span class='ocrx_word' id='word_1_94' title='bbox 517 1765 749 1860; x_wconf 85' lang='lat' dir='ltr'><strong>plerumque</strong></span> <span class='ocrx_word' id='word_1_95' title='bbox 780 1745 1023 1834; x_wconf 77' lang='lat' dir='ltr'><strong>clauduntur.</strong></span> <span class='ocrx_word' id='word_1_96' title='bbox 1079 1741 1155 1836; x_wconf 87' lang='lat' dir='ltr'><strong>Qui</strong></span> <span class='ocrx_word' id='word_1_97' title='bbox 1180 1741 1352 1814; x_wconf 81' lang='lat' dir='ltr'><strong>animum</strong></span> <span class='ocrx_word' id='word_1_98' title='bbox 1379 1761 1467 1810; x_wconf 91' lang='lat' dir='ltr'><strong>cum</strong></span> <span class='ocrx_word' id='word_1_99' title='bbox 1490 1739 1787 1834; x_wconf 82' lang='lat' dir='ltr'><strong>palpebrarum,</strong></span> <span class='ocrx_word' id='word_1_100' title='bbox 1815 1739 1989 1836; x_wconf 89' lang='lat' dir='ltr'><strong>arisque</strong></span> <span class='ocrx_word' id='word_1_101' title='bbox 1984 1743 2231 1816; x_wconf 86' lang='lat' dir='ltr'><strong>Flexoribus</strong></span> 
     </span>
     <span class='ocr_line' id='line_1_12' title="bbox 449 1867 2233 1987; baseline -0.015 -21"><span class='ocrx_word' id='word_1_102' title='bbox 449 1885 654 1982; x_wconf 80' lang='lat' dir='ltr'><strong>coniungit</strong></span> <span class='ocrx_word' id='word_1_103' title='bbox 674 1903 746 1952; x_wconf 89' lang='lat' dir='ltr'><strong>con</strong></span> <span class='ocrx_word' id='word_1_104' title='bbox 748 1875 898 1962; x_wconf 84' lang='lat' dir='ltr'><strong>lenius,</strong></span> <span class='ocrx_word' id='word_1_105' title='bbox 934 1871 1037 1940; x_wconf 90' lang='lat' dir='ltr'><strong>idem</strong></span> <span class='ocrx_word' id='word_1_106' title='bbox 1063 1867 1173 1938; x_wconf 91' lang='lat' dir='ltr'><strong>bulbi</strong></span> <span class='ocrx_word' id='word_1_107' title='bbox 1191 1867 1453 1987; x_wconf 74' lang='lat' dir='ltr'><strong>lromologos</strong></span> <span class='ocrx_word' id='word_1_108' title='bbox 1450 1867 1649 1938; x_wconf 86' lang='lat' dir='ltr'><strong>musculos</strong></span> <span class='ocrx_word' id='word_1_109' title='bbox 1668 1868 1847 1962; x_wconf 84' lang='lat' dir='ltr'><strong>corripit,</strong></span> <span class='ocrx_word' id='word_1_110' title='bbox 1883 1869 1936 1940; x_wconf 90' lang='lat' dir='ltr'><strong>ita</strong></span> <span class='ocrx_word' id='word_1_111' title='bbox 1956 1879 2001 1940; x_wconf 83' lang='lat' dir='ltr'><strong>ut</strong></span> <span class='ocrx_word' id='word_1_112' title='bbox 2016 1871 2181 1944; x_wconf 79' lang='lat' dir='ltr'><strong>ilecto</strong></span> <span class='ocrx_word' id='word_1_113' title='bbox 2169 1895 2233 1940; x_wconf 87' lang='grc' dir='ltr'><strong>ιιι-</strong></span> 
     </span>
     <span class='ocr_line' id='line_1_13' title="bbox 447 1993 2233 2096; baseline -0.015 -3"><span class='ocrx_word' id='word_1_114' title='bbox 447 2017 591 2092; x_wconf 82' lang='lat' dir='ltr'><strong>feriore</strong></span> <span class='ocrx_word' id='word_1_115' title='bbox 607 1995 745 2082; x_wconf 88' lang='lat' dir='ltr'><strong>oculus</strong></span> <span class='ocrx_word' id='word_1_116' title='bbox 763 2001 878 2096; x_wconf 82' lang='lat' dir='ltr'><strong>ipse</strong></span> <span class='ocrx_word' id='word_1_117' title='bbox 868 2021 908 2068; x_wconf 91' lang='grc' dir='ltr'><strong>ιιι</strong></span> <span class='ocrx_word' id='word_1_118' title='bbox 927 2013 1067 2068; x_wconf 88' lang='lat' dir='ltr'><strong>terram</strong></span> <span class='ocrx_word' id='word_1_119' title='bbox 1084 1995 1109 2064; x_wconf 91' lang='lat' dir='ltr'>s</span> <span class='ocrx_word' id='word_1_120' title='bbox 1099 2008 1238 2092; x_wconf 84' lang='lat' dir='ltr'><strong>gatar</strong></span> <span class='ocrx_word' id='word_1_121' title='bbox 1264 2031 1317 2052; x_wconf 92' lang='lat'><strong>·-</strong></span> <span class='ocrx_word' id='word_1_122' title='bbox 1343 1993 1389 2070; x_wconf 87' lang='lat' dir='ltr'><strong>Si</strong></span> <span class='ocrx_word' id='word_1_123' title='bbox 1404 1995 1641 2068; x_wconf 74' lang='lat' dir='ltr'><strong>reverentiam</strong></span> <span class='ocrx_word' id='word_1_124' title='bbox 1666 1993 1882 2084; x_wconf 77' lang='lat' dir='ltr'><strong>examinas,</strong></span> <span class='ocrx_word' id='word_1_125' title='bbox 1920 1995 2025 2069; x_wconf 88' lang='lat' dir='ltr'><strong>haud</strong></span> <span class='ocrx_word' id='word_1_126' title='bbox 2049 1999 2233 2092; x_wconf 81' lang='lat' dir='ltr'><strong>respecta</strong></span> 
     </span>
     <span class='ocr_line' id='line_1_14' title="bbox 449 2119 2229 2227; baseline -0.011 -11"><span class='ocrx_word' id='word_1_127' title='bbox 449 2143 634 2227; x_wconf 86' lang='lat' dir='ltr'><strong>notione,</strong></span> <span class='ocrx_word' id='word_1_128' title='bbox 673 2133 752 2204; x_wconf 84' lang='lat' dir='ltr'><strong>ianr</strong></span> <span class='ocrx_word' id='word_1_129' title='bbox 778 2125 887 2198; x_wconf 88' lang='lat' dir='ltr'><strong>verbi</strong></span> <span class='ocrx_word' id='word_1_130' title='bbox 911 2119 1147 2219; x_wconf 84' lang='lat' dir='ltr'><strong>etymologia</strong></span> <span class='ocrx_word' id='word_1_131' title='bbox 1172 2121 1338 2212; x_wconf 83' lang='lat' dir='ltr'><strong>indicat,</strong></span> <span class='ocrx_word' id='word_1_132' title='bbox 1378 2137 1618 2214; x_wconf 84' lang='lat' dir='ltr'><strong>quantopere</strong></span> <span class='ocrx_word' id='word_1_133' title='bbox 1646 2119 1864 2194; x_wconf 82' lang='lat' dir='ltr'><strong>adsuetum</strong></span> <span class='ocrx_word' id='word_1_134' title='bbox 1893 2115 2017 2216; x_wconf 84' lang='lat' dir='ltr'><strong>ipsum</strong></span> <span class='ocrx_word' id='word_1_135' title='bbox 2050 2125 2229 2213; x_wconf 83' lang='lat' dir='ltr'><strong>accedat,</strong></span> 
     </span>
     <span class='ocr_line' id='line_1_15' title="bbox 360 2247 2231 2344; baseline -0.014 2"><span class='ocrx_word' id='word_1_136' title='bbox 360 2247 363 2256; x_wconf 28' lang='grc' dir='ltr'>Ι</span> <span class='ocrx_word' id='word_1_137' title='bbox 449 2289 495 2344; x_wconf 93' lang='lat' dir='ltr'><strong>ut</strong></span> <span class='ocrx_word' id='word_1_138' title='bbox 512 2259 720 2340; x_wconf 83' lang='lat' dir='ltr'><strong>uccellano</strong></span> <span class='ocrx_word' id='word_1_139' title='bbox 742 2255 881 2330; x_wconf 80' lang='lat' dir='ltr'><strong>similes</strong></span> <span class='ocrx_word' id='word_1_140' title='bbox 910 2267 1039 2324; x_wconf 89' lang='lat' dir='ltr'><strong>motus</strong></span> <span class='ocrx_word' id='word_1_141' title='bbox 1058 2271 1270 2344; x_wconf 83' lang='lat' dir='ltr'><strong>provocare</strong></span> <span class='ocrx_word' id='word_1_142' title='bbox 1299 2247 1521 2318; x_wconf 78' lang='lat' dir='ltr'><strong>debeatis</strong></span> <span class='ocrx_word' id='word_1_143' title='bbox 1525 2249 1582 2318; x_wconf 87' lang='lat' dir='ltr'><strong>F</strong></span> <span class='ocrx_word' id='word_1_144' title='bbox 1585 2249 1778 2334; x_wconf 85' lang='lat' dir='ltr'><strong>lexorros,</strong></span> <span class='ocrx_word' id='word_1_145' title='bbox 1800 2271 1917 2342; x_wconf 87' lang='lat' dir='ltr'><strong>quare</strong></span> <span class='ocrx_word' id='word_1_146' title='bbox 1937 2249 2088 2340; x_wconf 87' lang='lat' dir='ltr'><strong>evenrt,</strong></span> <span class='ocrx_word' id='word_1_147' title='bbox 2118 2251 2231 2320; x_wconf 87' lang='lat' dir='ltr'><strong>utli-</strong></span> 
     </span>
     <span class='ocr_line' id='line_1_16' title="bbox 449 2361 2228 2498; baseline -0.011 -30"><span class='ocrx_word' id='word_1_148' title='bbox 449 2383 526 2498; x_wconf 76' lang='lat' dir='ltr'><strong>&#39;gna</strong></span> <span class='ocrx_word' id='word_1_149' title='bbox 543 2383 802 2462; x_wconf 83' lang='lat' dir='ltr'><strong>venerationis</strong></span> <span class='ocrx_word' id='word_1_150' title='bbox 819 2381 900 2452; x_wconf 82' lang='lat' dir='ltr'><strong>fare</strong></span> <span class='ocrx_word' id='word_1_151' title='bbox 920 2371 1007 2448; x_wconf 87' lang='lat' dir='ltr'><strong>lolis</strong></span> <span class='ocrx_word' id='word_1_152' title='bbox 1028 2373 1274 2465; x_wconf 83' lang='lat' dir='ltr'><strong>flexionibus,</strong></span> <span class='ocrx_word' id='word_1_153' title='bbox 1303 2361 1711 2482; x_wconf 82' lang='lat' dir='ltr'><strong>contractionibusque</strong></span> <span class='ocrx_word' id='word_1_154' title='bbox 1731 2377 1905 2468; x_wconf 88' lang='lat' dir='ltr'><strong>corporis</strong></span> <span class='ocrx_word' id='word_1_155' title='bbox 1927 2377 2228 2449; x_wconf 81' lang='lat' dir='ltr'><strong>constituantur.</strong></span> 
     </span>
     <span class='ocr_line' id='line_1_17' title="bbox 346 2493 2226 2606; baseline -0.009 -10"><span class='ocrx_word' id='word_1_156' title='bbox 346 2553 349 2572; x_wconf 85' lang='grc'><em>·</em></span> <span class='ocrx_word' id='word_1_157' title='bbox 450 2527 532 2598; x_wconf 88' lang='lat' dir='ltr'><strong>Nos</strong></span> <span class='ocrx_word' id='word_1_158' title='bbox 550 2503 746 2606; x_wconf 81' lang='lat' dir='ltr'><strong>Europaei</strong></span> <span class='ocrx_word' id='word_1_159' title='bbox 765 2518 881 2600; x_wconf 88' lang='lat' dir='ltr'><strong>caput</strong></span> <span class='ocrx_word' id='word_1_160' title='bbox 896 2501 1156 2592; x_wconf 87' lang='lat' dir='ltr'><strong>denudatum,</strong></span> <span class='ocrx_word' id='word_1_161' title='bbox 1171 2497 1412 2594; x_wconf 85' lang='lat' dir='ltr'><strong>dorsumque</strong></span> <span class='ocrx_word' id='word_1_162' title='bbox 1434 2493 1704 2590; x_wconf 79' lang='lat' dir='ltr'><strong>flectimus,</strong></span> <span class='ocrx_word' id='word_1_163' title='bbox 1682 2501 1824 2604; x_wconf 81' lang='lat' dir='ltr'><strong>vivacis</strong></span> <span class='ocrx_word' id='word_1_164' title='bbox 1844 2495 1998 2600; x_wconf 85' lang='lat' dir='ltr'><strong>inge&#39;nil</strong></span> <span class='ocrx_word' id='word_1_165' title='bbox 2012 2505 2226 2579; x_wconf 80' lang='lat' dir='ltr'><strong>orientalis</strong></span> 
     </span>
     <span class='ocr_line' id='line_1_18' title="bbox 453 2623 2228 2750; baseline -0.011 -27"><span class='ocrx_word' id='word_1_166' title='bbox 453 2661 587 2750; x_wconf 79' lang='lat' dir='ltr'><strong>contra</strong></span> <span class='ocrx_word' id='word_1_167' title='bbox 602 2655 731 2712; x_wconf 87' lang='lat' dir='ltr'><strong>toturn</strong></span> <span class='ocrx_word' id='word_1_168' title='bbox 755 2653 895 2732; x_wconf 87' lang='lat' dir='ltr'><strong>corpus</strong></span> <span class='ocrx_word' id='word_1_169' title='bbox 916 2631 1159 2701; x_wconf 87' lang='lat' dir='ltr'><strong>incurvatum</strong></span> <span class='ocrx_word' id='word_1_170' title='bbox 1179 2623 1226 2698; x_wconf 88' lang='lat' dir='ltr'><strong>ad</strong></span> <span class='ocrx_word' id='word_1_171' title='bbox 1245 2641 1388 2701; x_wconf 88' lang='lat' dir='ltr'><strong>terram</strong></span> <span class='ocrx_word' id='word_1_172' title='bbox 1409 2625 1550 2696; x_wconf 82' lang='lat' dir='ltr'><strong>delicit.</strong></span> <span class='ocrx_word' id='word_1_173' title='bbox 1578 2626 1619 2698; x_wconf 87' lang='lat' dir='ltr'><strong>Si</strong></span> <span class='ocrx_word' id='word_1_174' title='bbox 1638 2625 1684 2696; x_wconf 88' lang='lat' dir='ltr'><strong>ad</strong></span> <span class='ocrx_word' id='word_1_175' title='bbox 1701 2641 1911 2700; x_wconf 78' lang='lat' dir='ltr'><strong>extremam</strong></span> <span class='ocrx_word' id='word_1_176' title='bbox 1932 2633 2228 2704; x_wconf 87' lang='lat' dir='ltr'><strong>venerationem</strong></span> 
     </span>
     <span class='ocr_line' id='line_1_19' title="bbox 445 2751 2308 2860; baseline -0.01 -12"><span class='ocrx_word' id='word_1_177' title='bbox 445 2789 611 2860; x_wconf 66' lang='lat' dir='ltr'><strong>⁸ventum</strong></span> <span class='ocrx_word' id='word_1_178' title='bbox 630 2767 702 2856; x_wconf 88' lang='lat' dir='ltr'><strong>elt,</strong></span> <span class='ocrx_word' id='word_1_179' title='bbox 725 2758 884 2834; x_wconf 87' lang='lat' dir='ltr'><strong>brachia</strong></span> <span class='ocrx_word' id='word_1_180' title='bbox 910 2759 1121 2830; x_wconf 86' lang='lat' dir='ltr'><strong>flectuntur</strong></span> <span class='ocrx_word' id='word_1_181' title='bbox 1141 2769 1179 2825; x_wconf 90' lang='lat' dir='ltr'><strong>et</strong></span> <span class='ocrx_word' id='word_1_182' title='bbox 1203 2777 1352 2852; x_wconf 83' lang='lat' dir='ltr'><strong>genua,</strong></span> <span class='ocrx_word' id='word_1_183' title='bbox 1382 2751 1590 2826; x_wconf 90' lang='lat' dir='ltr'><strong>Orientalis</strong></span> <span class='ocrx_word' id='word_1_184' title='bbox 1618 2751 1775 2824; x_wconf 87' lang='lat' dir='ltr'><strong>brachia</strong></span> <span class='ocrx_word' id='word_1_185' title='bbox 1800 2758 1952 2850; x_wconf 88' lang='lat' dir='ltr'><strong>pectori</strong></span> <span class='ocrx_word' id='word_1_186' title='bbox 1974 2757 2141 2831; x_wconf 89' lang='lat' dir='ltr'><strong>adducta</strong></span> <span class='ocrx_word' id='word_1_187' title='bbox 2159 2761 2227 2830; x_wconf 90' lang='lat' dir='ltr'><strong>ssa</strong></span> <span class='ocrx_word' id='word_1_188' title='bbox 2303 2769 2308 2784; x_wconf 88' lang='lat'>&#39;</span> 
     </span>
     <span class='ocr_line' id='line_1_20' title="bbox 374 2876 2225 2993; baseline -0.011 -15"><span class='ocrx_word' id='word_1_189' title='bbox 374 2876 377 2887; x_wconf 31' lang='grc' dir='ltr'>Ι</span> <span class='ocrx_word' id='word_1_190' title='bbox 415 2893 427 2900; x_wconf 59' lang='grc'><strong><em>’</em></strong></span> <span class='ocrx_word' id='word_1_191' title='bbox 451 2903 534 2993; x_wconf 81' lang='lat' dir='ltr'><strong>stit,</strong></span> <span class='ocrx_word' id='word_1_192' title='bbox 560 2917 690 2989; x_wconf 86' lang='lat' dir='ltr'><strong>neque</strong></span> <span class='ocrx_word' id='word_1_193' title='bbox 706 2886 861 2960; x_wconf 87' lang='lat' dir='ltr'><strong>noltra&#39;</strong></span> <span class='ocrx_word' id='word_1_194' title='bbox 851 2907 892 2954; x_wconf 90' lang='grc' dir='ltr'><strong>ιιι</strong></span> <span class='ocrx_word' id='word_1_195' title='bbox 908 2883 1102 2982; x_wconf 87' lang='lat' dir='ltr'><strong>precando</strong></span> <span class='ocrx_word' id='word_1_196' title='bbox 1123 2881 1359 2980; x_wconf 86' lang='lat' dir='ltr'><strong>geniculatio</strong></span> <span class='ocrx_word' id='word_1_197' title='bbox 1378 2896 1417 2952; x_wconf 90' lang='lat' dir='ltr'><strong>et</strong></span> <span class='ocrx_word' id='word_1_198' title='bbox 1439 2903 1626 2952; x_wconf 89' lang='lat' dir='ltr'><strong>manuum</strong></span> <span class='ocrx_word' id='word_1_199' title='bbox 1643 2879 1889 2974; x_wconf 90' lang='lat' dir='ltr'><strong>complicatio</strong></span> <span class='ocrx_word' id='word_1_200' title='bbox 1908 2883 2112 2978; x_wconf 88' lang='lat' dir='ltr'><strong>disciplina</strong></span> <span class='ocrx_word' id='word_1_201' title='bbox 2133 2912 2225 2980; x_wconf 87' lang='lat' dir='ltr'><strong>qua·</strong></span> 
     </span>
     <span class='ocr_line' id='line_1_21' title="bbox 355 3003 2227 3111; baseline -0.01 -9"><span class='ocrx_word' id='word_1_202' title='bbox 355 3080 368 3102; x_wconf 51' lang='lat' dir='ltr'><strong>a</strong></span> <span class='ocrx_word' id='word_1_203' title='bbox 451 3031 538 3102; x_wconf 89' lang='lat' dir='ltr'><strong>darn</strong></span> <span class='ocrx_word' id='word_1_204' title='bbox 561 3019 809 3111; x_wconf 75' lang='lat' dir='ltr'><strong>autemut,</strong></span> <span class='ocrx_word' id='word_1_205' title='bbox 845 3011 909 3084; x_wconf 88' lang='lat' dir='ltr'><strong>led</strong></span> <span class='ocrx_word' id='word_1_206' title='bbox 934 3026 1073 3082; x_wconf 89' lang='lat' dir='ltr'><strong>natura</strong></span> <span class='ocrx_word' id='word_1_207' title='bbox 1097 3011 1229 3104; x_wconf 78' lang='lat' dir='ltr'><strong>potius</strong></span> <span class='ocrx_word' id='word_1_208' title='bbox 1257 3009 1334 3078; x_wconf 85' lang='lat' dir='ltr'><strong>vim</strong></span> <span class='ocrx_word' id='word_1_209' title='bbox 1360 3009 1466 3080; x_wconf 84' lang='lat' dir='ltr'><strong>luam</strong></span> <span class='ocrx_word' id='word_1_210' title='bbox 1493 3003 1725 3110; x_wconf 83' lang='lat' dir='ltr'><strong>exercuitet</strong></span> <span class='ocrx_word' id='word_1_211' title='bbox 1750 3009 2001 3082; x_wconf 88' lang='lat' dir='ltr'><strong>necellarium</strong></span> <span class='ocrx_word' id='word_1_212' title='bbox 2027 3011 2080 3080; x_wconf 88' lang='lat' dir='ltr'><strong>alt</strong></span> <span class='ocrx_word' id='word_1_213' title='bbox 2096 3013 2227 3086; x_wconf 78' lang='lat' dir='ltr'><strong>,animi</strong></span> 
     </span>
     <span class='ocr_line' id='line_1_22' title="bbox 451 3133 2224 3241; baseline -0.008 -15"><span class='ocrx_word' id='word_1_214' title='bbox 451 3149 633 3239; x_wconf 82' lang='lat' dir='ltr'><strong>modesti,</strong></span> <span class='ocrx_word' id='word_1_215' title='bbox 658 3141 949 3232; x_wconf 88' lang='lat' dir='ltr'><strong>reverentisque</strong></span> <span class='ocrx_word' id='word_1_216' title='bbox 968 3137 1160 3241; x_wconf 85' lang='lat' dir='ltr'><strong>lignum,</strong></span> <span class='ocrx_word' id='word_1_217' title='bbox 1165 3134 1275 3206; x_wconf 85' lang='lat' dir='ltr'><strong>licuti</strong></span> <span class='ocrx_word' id='word_1_218' title='bbox 1304 3133 1463 3206; x_wconf 89' lang='lat' dir='ltr'><strong>eosdem</strong></span> <span class='ocrx_word' id='word_1_219' title='bbox 1478 3147 1609 3204; x_wconf 90' lang='lat' dir='ltr'><strong>motus</strong></span> <span class='ocrx_word' id='word_1_220' title='bbox 1637 3134 1806 3226; x_wconf 78' lang='lat' dir='ltr'><strong>iamiam</strong></span> <span class='ocrx_word' id='word_1_221' title='bbox 1810 3135 1851 3206; x_wconf 92' lang='lat' dir='ltr'><strong>in</strong></span> <span class='ocrx_word' id='word_1_222' title='bbox 1871 3159 2001 3208; x_wconf 88' lang='lat' dir='ltr'><strong>verme</strong></span> <span class='ocrx_word' id='word_1_223' title='bbox 2019 3153 2059 3208; x_wconf 89' lang='lat' dir='ltr'><strong>et</strong></span> <span class='ocrx_word' id='word_1_224' title='bbox 2075 3137 2224 3212; x_wconf 71' lang='lat' dir='ltr'><strong>inlecta</strong></span> 
     </span>
     <span class='ocr_line' id='line_1_23' title="bbox 452 3253 2227 3362; baseline -0.01 -6"><span class='ocrx_word' id='word_1_225' title='bbox 452 3285 652 3356; x_wconf 87' lang='lat' dir='ltr'><strong>metuente</strong></span> <span class='ocrx_word' id='word_1_226' title='bbox 672 3280 890 3362; x_wconf 88' lang='lat' dir='ltr'><strong>compertos</strong></span> <span class='ocrx_word' id='word_1_227' title='bbox 908 3253 1111 3334; x_wconf 84' lang='lat' dir='ltr'><strong>habemus.</strong></span> <span class='ocrx_word' id='word_1_228' title='bbox 1151 3263 1208 3332; x_wconf 87' lang='lat' dir='ltr'><strong>Ex</strong></span> <span class='ocrx_word' id='word_1_229' title='bbox 1226 3259 1361 3330; x_wconf 87' lang='lat' dir='ltr'><strong>eadem</strong></span> <span class='ocrx_word' id='word_1_230' title='bbox 1376 3259 1478 3332; x_wconf 84' lang='lat' dir='ltr'><strong>forte</strong></span> <span class='ocrx_word' id='word_1_231' title='bbox 1497 3259 1620 3332; x_wconf 78' lang='lat' dir='ltr'><strong>caull&#39;a</strong></span> <span class='ocrx_word' id='word_1_232' title='bbox 1640 3262 1706 3351; x_wconf 84' lang='lat' dir='ltr'><strong>est,</strong></span> <span class='ocrx_word' id='word_1_233' title='bbox 1731 3261 1835 3354; x_wconf 89' lang='lat' dir='ltr'><strong>quod</strong></span> <span class='ocrx_word' id='word_1_234' title='bbox 1854 3263 2005 3334; x_wconf 87' lang='lat' dir='ltr'><strong>animus</strong></span> <span class='ocrx_word' id='word_1_235' title='bbox 2023 3265 2227 3360; x_wconf 86' lang='lat' dir='ltr'><strong>obsequio·</strong></span> 
     </span>
     <span class='ocr_line' id='line_1_24' title="bbox 369 3385 2226 3496; baseline -0.011 -13"><span class='ocrx_word' id='word_1_236' title='bbox 369 3387 372 3396; x_wconf 85' lang='lat'><em>.</em></span> <span class='ocrx_word' id='word_1_237' title='bbox 421 3395 870 3496; x_wconf 49' lang='lat' dir='ltr'><strong>‹luslaepiusmntibns</strong></span> <span class='ocrx_word' id='word_1_238' title='bbox 896 3387 1068 3462; x_wconf 83' lang='lat' dir='ltr'><strong>flexeriis</strong></span> <span class='ocrx_word' id='word_1_239' title='bbox 1092 3385 1342 3480; x_wconf 77' lang='lat' dir='ltr'><strong>exprimitur,</strong></span> <span class='ocrx_word' id='word_1_240' title='bbox 1377 3387 1560 3480; x_wconf 88' lang='lat' dir='ltr'><strong>quoniam</strong></span> <span class='ocrx_word' id='word_1_241' title='bbox 1577 3385 2076 3491; x_wconf 83' lang='lat' dir='ltr'><strong>haecanimioblequentia</strong></span> <span class='ocrx_word' id='word_1_242' title='bbox 2095 3395 2226 3487; x_wconf 87' lang='lat' dir='ltr'><strong>prole·</strong></span> 
     </span>
     <span class='ocr_line' id='line_1_25' title="bbox 454 3513 2223 3626; baseline -0.007 -23"><span class='ocrx_word' id='word_1_243' title='bbox 454 3552 516 3612; x_wconf 84' lang='lat' dir='ltr'><strong>cto</strong></span> <span class='ocrx_word' id='word_1_244' title='bbox 535 3526 750 3626; x_wconf 84' lang='lat' dir='ltr'><strong>quendam,</strong></span> <span class='ocrx_word' id='word_1_245' title='bbox 775 3519 840 3594; x_wconf 80' lang='lat' dir='ltr'><strong>sed</strong></span> <span class='ocrx_word' id='word_1_246' title='bbox 856 3517 1029 3590; x_wconf 88' lang='lat' dir='ltr'><strong>nobilem</strong></span> <span class='ocrx_word' id='word_1_247' title='bbox 1048 3513 1196 3605; x_wconf 87' lang='lat' dir='ltr'><strong>adhuc,</strong></span> <span class='ocrx_word' id='word_1_248' title='bbox 1236 3513 1426 3590; x_wconf 79' lang='lat' dir='ltr'><strong>defectas</strong></span> <span class='ocrx_word' id='word_1_249' title='bbox 1439 3513 1649 3586; x_wconf 79' lang='lat' dir='ltr'><strong>voluntatis</strong></span> <span class='ocrx_word' id='word_1_250' title='bbox 1675 3516 1856 3610; x_wconf 90' lang='lat' dir='ltr'><strong>propriae</strong></span> <span class='ocrx_word' id='word_1_251' title='bbox 1876 3517 2036 3614; x_wconf 80' lang='lat' dir='ltr'><strong>gradum</strong></span> <span class='ocrx_word' id='word_1_252' title='bbox 2060 3533 2100 3588; x_wconf 85' lang='lat' dir='ltr'><strong>et</strong></span> <span class='ocrx_word' id='word_1_253' title='bbox 2117 3544 2223 3596; x_wconf 81' lang='lat' dir='ltr'><strong>rete·</strong></span> 
     </span>
     <span class='ocr_line' id='line_1_26' title="bbox 451 3619 2225 3748; baseline -0.011 -12.758"><span class='ocrx_word' id='word_1_254' title='bbox 451 3660 617 3737; x_wconf 86' lang='lat' dir='ltr'><strong>rentiam</strong></span> <span class='ocrx_word' id='word_1_255' title='bbox 644 3649 836 3748; x_wconf 85' lang='lat' dir='ltr'><strong>quandam</strong></span> <span class='ocrx_word' id='word_1_256' title='bbox 862 3662 1106 3733; x_wconf 84' lang='lat' dir='ltr'><strong>externarum</strong></span> <span class='ocrx_word' id='word_1_257' title='bbox 1134 3665 1265 3713; x_wconf 88' lang='lat' dir='ltr'><strong>rerum</strong></span> <span class='ocrx_word' id='word_1_258' title='bbox 1289 3641 1456 3732; x_wconf 87' lang='lat' dir='ltr'><strong>indicat,</strong></span> <span class='ocrx_word' id='word_1_259' title='bbox 1485 3641 1539 3712; x_wconf 89' lang='lat' dir='ltr'><strong>ita</strong></span> <span class='ocrx_word' id='word_1_260' title='bbox 1564 3655 1609 3710; x_wconf 92' lang='lat' dir='ltr'><strong>ut</strong></span> <span class='ocrx_word' id='word_1_261' title='bbox 1635 3643 1759 3710; x_wconf 90' lang='lat' dir='ltr'><strong>metui</strong></span> <span class='ocrx_word' id='word_1_262' title='bbox 1780 3619 2065 3738; x_wconf 81' lang='lat' dir='ltr'><strong>quodammodo</strong></span> <span class='ocrx_word' id='word_1_263' title='bbox 2087 3651 2225 3718; x_wconf 72' lang='lat' dir='ltr'><strong>natura</strong></span> 
     </span>
    </p>
   </div>
   <div class='ocr_carea' id='block_1_5' title="bbox 288 3767 2224 3902">
    <p class='ocr_par' dir='ltr' id='par_1_7' title="bbox 288 3767 2224 3902">
     <span class='ocr_line' id='line_1_27' title="bbox 288 3767 2224 3902; baseline -0.009 -40"><span class='ocrx_word' id='word_1_264' title='bbox 288 3819 291 3826; x_wconf 26' lang='grc' dir='ltr'><strong>ι</strong></span> <span class='ocrx_word' id='word_1_265' title='bbox 410 3785 622 3861; x_wconf 58' lang='lat' dir='ltr'><strong>2eccedat.</strong></span> <span class='ocrx_word' id='word_1_266' title='bbox 676 3777 772 3852; x_wconf 85' lang='lat' dir='ltr'><strong>lude</strong></span> <span class='ocrx_word' id='word_1_267' title='bbox 792 3772 993 3846; x_wconf 85' lang='lat' dir='ltr'><strong>adnutatio</strong></span> <span class='ocrx_word' id='word_1_268' title='bbox 1014 3769 1170 3864; x_wconf 88' lang='lat' dir='ltr'><strong>capitis,</strong></span> <span class='ocrx_word' id='word_1_269' title='bbox 1193 3767 1353 3841; x_wconf 90' lang='lat' dir='ltr'><strong>nictatio</strong></span> <span class='ocrx_word' id='word_1_270' title='bbox 1373 3767 1577 3840; x_wconf 92' lang='lat' dir='ltr'><strong>oculorum</strong></span> <span class='ocrx_word' id='word_1_271' title='bbox 1599 3781 1671 3838; x_wconf 88' lang='lat' dir='ltr'><strong>etc.</strong></span> <span class='ocrx_word' id='word_1_272' title='bbox 1695 3767 1741 3836; x_wconf 88' lang='lat' dir='ltr'><strong>ad</strong></span> <span class='ocrx_word' id='word_1_273' title='bbox 1760 3767 1969 3842; x_wconf 80' lang='lat' dir='ltr'><strong>flexionem</strong></span> <span class='ocrx_word' id='word_1_274' title='bbox 1981 3773 2224 3902; x_wconf 77' lang='lat' dir='ltr'><strong>pertinentes</strong></span> 
     </span>
    </p>
   </div>
   <div class='ocr_carea' id='block_1_6' title="bbox 347 3889 1590 4004">
    <p class='ocr_par' dir='ltr' id='par_1_8' title="bbox 347 3889 1590 4004">
     <span class='ocr_line' id='line_1_28' title="bbox 347 3889 1590 4004; baseline -0.019 -16"><span class='ocrx_word' id='word_1_275' title='bbox 347 3955 352 3966; x_wconf 90' lang='lat'>·</span> <span class='ocrx_word' id='word_1_276' title='bbox 429 3923 434 3934; x_wconf 93' lang='lat'><em>&#39;</em></span> <span class='ocrx_word' id='word_1_277' title='bbox 456 3904 594 3992; x_wconf 79' lang='lat' dir='ltr'><strong>cinnes</strong></span> <span class='ocrx_word' id='word_1_278' title='bbox 611 3908 655 3980; x_wconf 92' lang='lat' dir='ltr'><strong>in</strong></span> <span class='ocrx_word' id='word_1_279' title='bbox 670 3905 806 4004; x_wconf 75' lang='lat' dir='ltr'><strong>plauhr</strong></span> <span class='ocrx_word' id='word_1_280' title='bbox 823 3898 1040 3987; x_wconf 85' lang='lat' dir='ltr'><strong>obveniunt</strong></span> <span class='ocrx_word' id='word_1_281' title='bbox 1057 3909 1098 3969; x_wconf 88' lang='lat' dir='ltr'><strong>et</strong></span> <span class='ocrx_word' id='word_1_282' title='bbox 1118 3889 1355 4003; x_wconf 76' lang='lat' dir='ltr'><strong>obsequendi</strong></span> <span class='ocrx_word' id='word_1_283' title='bbox 1370 3891 1507 3964; x_wconf 77' lang='lat' dir='ltr'><strong>lindio.</strong></span> <span class='ocrx_word' id='word_1_284' title='bbox 1587 3967 1590 3974; x_wconf 84' lang='lat'><em>.</em></span> 
     </span>
    </p>
   </div>
   <div class='ocr_carea' id='block_1_7' title="bbox 1263 4019 1448 4116">
    <p class='ocr_par' dir='ltr' id='par_1_9' title="bbox 1263 4019 1448 4116">
     <span class='ocr_line' id='line_1_29' title="bbox 1263 4019 1448 4116; baseline -0.007 -25"><span class='ocrx_word' id='word_1_285' title='bbox 1263 4019 1448 4116; x_wconf 64' lang='lat' dir='ltr'><strong>§.m</strong></span> 
     </span>
    </p>
   </div>
   <div class='ocr_carea' id='block_1_8' title="bbox 301 4133 2264 4374">
    <p class='ocr_par' dir='ltr' id='par_1_10' title="bbox 301 4133 2264 4374">
     <span class='ocr_line' id='line_1_30' title="bbox 301 4133 2264 4271; baseline -0.008 -34"><span class='ocrx_word' id='word_1_286' title='bbox 301 4184 316 4258; x_wconf 67' lang='lat' dir='ltr'><em>j</em></span> <span class='ocrx_word' id='word_1_287' title='bbox 431 4187 446 4198; x_wconf 89' lang='grc'><strong>··</strong></span> <span class='ocrx_word' id='word_1_288' title='bbox 555 4163 646 4238; x_wconf 80' lang='lat' dir='ltr'><strong>Ad</strong></span> <span class='ocrx_word' id='word_1_289' title='bbox 633 4177 730 4240; x_wconf 79' lang='lat' dir='ltr'><strong>iram</strong></span> <span class='ocrx_word' id='word_1_290' title='bbox 746 4177 853 4228; x_wconf 87' lang='lat' dir='ltr'><strong>nnuc</strong></span> <span class='ocrx_word' id='word_1_291' title='bbox 875 4133 1127 4271; x_wconf 63' lang='lat' dir='ltr'><strong>progredior,</strong></span> <span class='ocrx_word' id='word_1_292' title='bbox 1162 4171 1261 4244; x_wconf 86' lang='lat' dir='ltr'><strong>quae</strong></span> <span class='ocrx_word' id='word_1_293' title='bbox 1280 4145 1620 4241; x_wconf 77' lang='lat' dir='ltr'><strong>complicatione</strong></span> <span class='ocrx_word' id='word_1_294' title='bbox 1608 4169 1762 4220; x_wconf 82' lang='lat' dir='ltr'><strong>tamtam</strong></span> <span class='ocrx_word' id='word_1_295' title='bbox 1780 4148 1833 4220; x_wconf 72' lang='lat' dir='ltr'><strong>eli</strong></span> <span class='ocrx_word' id='word_1_296' title='bbox 1850 4163 2023 4227; x_wconf 86' lang='lat' dir='ltr'><strong>naturae</strong></span> <span class='ocrx_word' id='word_1_297' title='bbox 2076 4151 2123 4222; x_wconf 92' lang='lat' dir='ltr'><strong>In</strong></span> <span class='ocrx_word' id='word_1_298' title='bbox 2141 4149 2264 4224; x_wconf 91' lang='lat' dir='ltr'><strong>uni··</strong></span> 
     </span>
     <span class='ocr_line' id='line_1_31' title="bbox 334 4235 2224 4374; baseline -0.012 -1"><span class='ocrx_word' id='word_1_299' title='bbox 334 4323 336 4331; x_wconf 90' lang='lat'>·</span> <span class='ocrx_word' id='word_1_300' title='bbox 452 4291 603 4371; x_wconf 83' lang='lat' dir='ltr'><strong>verium</strong></span> <span class='ocrx_word' id='word_1_301' title='bbox 623 4287 785 4360; x_wconf 88' lang='lat' dir='ltr'><strong>directio</strong></span> <span class='ocrx_word' id='word_1_302' title='bbox 811 4284 918 4372; x_wconf 90' lang='lat' dir='ltr'><strong>eius,</strong></span> <span class='ocrx_word' id='word_1_303' title='bbox 944 4278 1175 4373; x_wconf 81' lang='lat' dir='ltr'><strong>praecipue</strong></span> <span class='ocrx_word' id='word_1_304' title='bbox 1176 4275 1399 4348; x_wconf 82' lang='lat' dir='ltr'><strong>fifurorem</strong></span> <span class='ocrx_word' id='word_1_305' title='bbox 1426 4273 1594 4368; x_wconf 76' lang='lat' dir='ltr'><strong>spectas,</strong></span> <span class='ocrx_word' id='word_1_306' title='bbox 1628 4277 1750 4374; x_wconf 84' lang='lat' dir='ltr'><strong>magis</strong></span> <span class='ocrx_word' id='word_1_307' title='bbox 1779 4276 1979 4372; x_wconf 80' lang='lat' dir='ltr'><strong>expanliva</strong></span> <span class='ocrx_word' id='word_1_308' title='bbox 2006 4235 2153 4350; x_wconf 67' lang='lat' dir='ltr'><strong>elan</strong></span> <span class='ocrx_word' id='word_1_309' title='bbox 2115 4283 2224 4350; x_wconf 81' lang='lat' dir='ltr'><strong>A-tta</strong></span> 
     </span>
    </p>
   </div>
   <div class='ocr_carea' id='block_1_9' title="bbox 344 4387 2223 4912">
    <p class='ocr_par' dir='ltr' id='par_1_11' title="bbox 344 4387 2223 4912">
     <span class='ocr_line' id='line_1_32' title="bbox 452 4387 2223 4530; baseline -0.012 -36"><span class='ocrx_word' id='word_1_310' title='bbox 452 4444 558 4494; x_wconf 87' lang='lat' dir='ltr'><strong>meu</strong></span> <span class='ocrx_word' id='word_1_311' title='bbox 563 4436 775 4530; x_wconf 82' lang='lat' dir='ltr'><strong>magnum</strong></span> <span class='ocrx_word' id='word_1_312' title='bbox 768 4410 975 4530; x_wconf 83' lang='lat' dir='ltr'><strong>discrimen</strong></span> <span class='ocrx_word' id='word_1_313' title='bbox 991 4406 1044 4478; x_wconf 84' lang='lat' dir='ltr'><strong>alt</strong></span> <span class='ocrx_word' id='word_1_314' title='bbox 1060 4403 1310 4478; x_wconf 87' lang='lat' dir='ltr'><strong>laciendum</strong></span> <span class='ocrx_word' id='word_1_315' title='bbox 1299 4415 1401 4474; x_wconf 89' lang='lat' dir='ltr'><strong>mter</strong></span> <span class='ocrx_word' id='word_1_316' title='bbox 1427 4401 1524 4474; x_wconf 89' lang='lat' dir='ltr'><strong>iram</strong></span> <span class='ocrx_word' id='word_1_317' title='bbox 1548 4403 1780 4498; x_wconf 78' lang='lat' dir='ltr'><strong>suppressam</strong></span> <span class='ocrx_word' id='word_1_318' title='bbox 1808 4419 1848 4474; x_wconf 86' lang='lat' dir='ltr'><strong>et</strong></span> <span class='ocrx_word' id='word_1_319' title='bbox 1863 4387 2041 4476; x_wconf 77' lang='lat' dir='ltr'><strong>furorem</strong></span> <span class='ocrx_word' id='word_1_320' title='bbox 2056 4404 2223 4478; x_wconf 87' lang='lat' dir='ltr'><strong>incendii</strong></span> 
     </span>
     <span class='ocr_line' id='line_1_33' title="bbox 344 4521 2223 4646; baseline -0.01 -27"><span class='ocrx_word' id='word_1_321' title='bbox 344 4537 347 4544; x_wconf 76' lang='grc'>’</span> <span class='ocrx_word' id='word_1_322' title='bbox 452 4548 494 4622; x_wconf 90' lang='grc' dir='ltr'><strong>Γιι</strong></span> <span class='ocrx_word' id='word_1_323' title='bbox 498 4547 567 4618; x_wconf 84' lang='lat' dir='ltr'><strong>star</strong></span> <span class='ocrx_word' id='word_1_324' title='bbox 584 4521 867 4646; x_wconf 65' lang='lat' dir='ltr'><strong>erumpentem.</strong></span> <span class='ocrx_word' id='word_1_325' title='bbox 920 4535 1043 4634; x_wconf 82' lang='lat' dir='ltr'><strong>Supra</strong></span> <span class='ocrx_word' id='word_1_326' title='bbox 1046 4529 1120 4604; x_wconf 86' lang='lat' dir='ltr'><strong>llio</strong></span> <span class='ocrx_word' id='word_1_327' title='bbox 1141 4531 1219 4604; x_wconf 85' lang='lat' dir='ltr'><strong>fine</strong></span> <span class='ocrx_word' id='word_1_328' title='bbox 1246 4529 1399 4602; x_wconf 90' lang='lat' dir='ltr'><strong>dubio</strong></span> <span class='ocrx_word' id='word_1_329' title='bbox 1387 4553 1431 4602; x_wconf 91' lang='grc' dir='ltr'><strong>ιιι</strong></span> <span class='ocrx_word' id='word_1_330' title='bbox 1454 4529 1652 4626; x_wconf 78' lang='lat' dir='ltr'><strong>systemate</strong></span> <span class='ocrx_word' id='word_1_331' title='bbox 1679 4527 1890 4602; x_wconf 82' lang='lat' dir='ltr'><strong>masculari</strong></span> <span class='ocrx_word' id='word_1_332' title='bbox 1910 4529 2136 4603; x_wconf 86' lang='lat' dir='ltr'><strong>Flexoribus</strong></span> <span class='ocrx_word' id='word_1_333' title='bbox 2162 4553 2223 4602; x_wconf 76' lang='lat' dir='ltr'><strong>ex·</strong></span> 
     </span>
     <span class='ocr_line' id='line_1_34' title="bbox 389 4655 2223 4770; baseline -0.01 -24.36"><span class='ocrx_word' id='word_1_334' title='bbox 389 4655 668 4770; x_wconf 85' lang='lat' dir='ltr'><strong>prim‘etur,</strong></span> <span class='ocrx_word' id='word_1_335' title='bbox 696 4664 802 4762; x_wconf 87' lang='lat' dir='ltr'><strong>quad</strong></span> <span class='ocrx_word' id='word_1_336' title='bbox 826 4661 1038 4736; x_wconf 86' lang='lat' dir='ltr'><strong>retrahitur</strong></span> <span class='ocrx_word' id='word_1_337' title='bbox 1061 4659 1118 4732; x_wconf 81' lang='lat' dir='ltr'><strong>ris</strong></span> <span class='ocrx_word' id='word_1_338' title='bbox 1143 4679 1214 4754; x_wconf 84' lang='lat' dir='ltr'><strong>per</strong></span> <span class='ocrx_word' id='word_1_339' title='bbox 1237 4655 1520 4733; x_wconf 85' lang='lat' dir='ltr'><strong>voluntatem&#39;</strong></span> <span class='ocrx_word' id='word_1_340' title='bbox 1507 4679 1549 4728; x_wconf 88' lang='grc' dir='ltr'><strong>ιιι</strong></span> <span class='ocrx_word' id='word_1_341' title='bbox 1569 4656 1844 4769; x_wconf 80' lang='lat' dir='ltr'><strong>organismum</strong></span> <span class='ocrx_word' id='word_1_342' title='bbox 1860 4657 2007 4754; x_wconf 85' lang='lat' dir='ltr'><strong>iplnm,</strong></span> <span class='ocrx_word' id='word_1_343' title='bbox 2034 4657 2126 4733; x_wconf 86' lang='lat' dir='ltr'><strong>inde</strong></span> <span class='ocrx_word' id='word_1_344' title='bbox 2139 4679 2223 4730; x_wconf 90' lang='lat' dir='ltr'><strong>ma·</strong></span> 
     </span>
     <span class='ocr_line' id='line_1_35' title="bbox 455 4781 2223 4912; baseline -0.016 -30"><span class='ocrx_word' id='word_1_345' title='bbox 455 4797 596 4912; x_wconf 69' lang='lat' dir='ltr'><strong>autad</strong></span> <span class='ocrx_word' id='word_1_346' title='bbox 612 4816 792 4908; x_wconf 80' lang='lat' dir='ltr'><strong>pugnarn</strong></span> <span class='ocrx_word' id='word_1_347' title='bbox 808 4787 1074 4885; x_wconf 86' lang='lat' dir='ltr'><strong>contrahitur,</strong></span> <span class='ocrx_word' id='word_1_348' title='bbox 1116 4783 1428 4884; x_wconf 86' lang='lat' dir='ltr'><strong>comprimuntur</strong></span> <span class='ocrx_word' id='word_1_349' title='bbox 1453 4781 1609 4878; x_wconf 85' lang='lat' dir='ltr'><strong>dantes,</strong></span> <span class='ocrx_word' id='word_1_350' title='bbox 1638 4783 1867 4880; x_wconf 80' lang='lat' dir='ltr'><strong>quatiuntur</strong></span> <span class='ocrx_word' id='word_1_351' title='bbox 1890 4783 2223 4880; x_wconf 69' lang='lat' dir='ltr'><strong>labia,·cantrahit</strong></span> 
     </span>
    </p>
   </div>
   <div class='ocr_carea' id='block_1_10' title="bbox 0 0 2412 5700">
    <p class='ocr_par' dir='ltr' id='par_1_12' title="bbox 0 0 2412 5700">
     <span class='ocr_line' id='line_1_36' title="bbox 0 0 2412 5700; baseline 0 0"><span class='ocrx_word' id='word_1_352' title='bbox 0 0 2412 5700; x_wconf 95' lang='lat' dir='ltr'><strong> </strong></span> 
     </span>
    </p>
   </div>
  </div>
 </body>
</html>
