4786 5708
1106 497 1159 524 ...
1208 479 1320 569 ‘dssb
1389 501 1449 563 ....¹

297 657 301 666 '
360 642 601 748 ⁴asingulis
625 647 777 756 aliquot
807 648 900 722 viria
921 595 1183 746 *Hocbstrato,
1220 601 1471 746 1111111111,
1517 649 1681 750 aliisque
1712 652 1756 728 in
1784 653 2182 741 Iudaeorumlibroa

398 775 546 873 inquiri
568 775 744 870 iuberet,
784 795 824 850 et
851 801 990 850 eorum
1012 777 1220 854 sententias
1249 781 1296 854 de
1320 781 1380 854 his
1405 782 1515 856 libris
1534 781 1767 878 conscriptas
1787 807 1859 880 per
1875 785 2180 880 Pipericoruurn
2252 789 2258 802 ⁸

390 873 721 998 (sollicitatorem)
759 903 829 978 fibi
859 907 1043 978 mitteret.
1113 907 1177 978 Sic
1202 909 1249 980 ab
1277 907 1511 1004 imperatore
1538 931 1610 1006 per
1634 910 1806 982 Urielem
1845 925 1890 982 ut
1925 903 2088 1008 reliquis
2126 913 2183 986 ita

362 1021 377 1030 ”
395 1024 616 1104 Reucblino
639 1025 797 1128 quoque
817 1031 1043 1124 mandatur,
1073 1049 1119 1104 ut
1133 1034 1370 1126 Iudaeorum
1387 1036 1506 1110 libros
1527 1059 1610 1110 uon
1633 1037 1758 1108 solum
1778 1037 1946 1128 samesoa¹
1964 1039 2031 1112 sed
2056 1040 2181 1112 etiarn

396 1153 739 1254 reliquospraeter
754 1159 875 1232 biblia
893 1161 1111 1260 cognoscat.
1165 1162 1411 1236 Reuchlinua
1429 1163 1622 1236 hebraeae
1642 1161 1800 1262 linguae
1815 1165 2182 1240 omniummaxime

396 1293 539 1382 gnarus
557 1283 688 1359 scribit
710 1265 940 1360 sententiam
959 1287 1077 1388 longe
1095 1289 1305 1366 mitiorem.
1359 1293 1570 1386 (1.1511).
1625 1290 1794 1396 Nolebat
1824 1289 1928 1362 enirn
1957 1290 2187 1390 grammati·
2219 1346 2226 1360 .

398 1433 464 1482 cos
483 1409 686 1488 historicos
703 1415 875 1490 medicos
899 1429 939 1484 et
958 1413 1121 1514 aliarum
1141 1416 1391 1502 honestarum
1417 1411 1560 1490 artium
1586 1417 1707 1490 libros
1733 1417 1919 1510 interire,
1963 1440 2014 1510 ne
2042 1418 2185 1518 lingua

392 1537 602 1610 necessaria
633 1541 814 1617 ecclesiae
849 1541 1005 1638 penitus
1046 1541 1232 1616 deleatur.
1314 1543 1426 1616 Duos
1452 1517 1605 1618 tanturn
1630 1545 1752 1618 libros
1781 1543 2014 1620 nominatim
2043 1559 2183 1618 contra

397 1663 589 1740 Christum
604 1669 798 1772 scriptos,
846 1669 958 1764 siqui
981 1668 1165 1740 abolendi
1184 1669 1324 1760 essent,
1369 1669 1443 1742 hoa
1471 1671 1619 1744 aboleri
1640 1671 1764 1744 iubet.
1815 1669 2184 1764 Itaenirnindieat,
2253 1745 2261 1760 ,

272 1815 275 1823 ’
383 1792 1494 1894 1111111111111111111111111111111111111111111,
1540 1811 1672 1870 tamen
1698 1798 1740 1868 in
1768 1790 1952 1870 hdcesse
1973 1797 2185 1894 perutiles,

356 1969 372 1976 „
400 1921 505 2020 quod
530 1921 577 1996 ad
601 1923 760 1994 illorum
782 1913 1009 1996 resutandoa
1036 1945 1187 1994 errores
1215 1937 1332 2016 atque
1360 1923 1497 1996 deliria
1522 1946 1763 2024 magnopere
1784 1923 2018 2008 conducant.
2067 1925 2183 1998 Haec

398 2044 594 2124 renuntia*
616 2050 778 2144 aequior
806 2074 894 2122 curn
918 2049 1147 2146 imperatori
1172 2049 1295 2147 magis
1319 2049 1541 2144 placuisset,
1588 2051 1679 2124 libri
1702 2051 1748 2124 in
1768 2049 1915 2124 curiam
1932 2051 2183 2124 Francosurti
2218 2087 2223 2092 v

402 2178 579 2252 translati
595 2177 749 2251 Iudaeis
769 2177 1047 2267 restituuntur,
1088 2183 1129 2246 et
1149 2175 1404 2247 elulesraude
1422 2177 1695 2270 Coloniensee,
1727 2178 1796 2274 qui
1811 2174 1914 2287 hanc
1935 2177 2034 2250 clam
2052 2179 2184 2256 moliti

331 2295 334 2304 ’
404 2321 535 2397 erant,
567 2275 1011 2384 1111111111111111111111.Δ
1040 2301 1339 2397 Piperieornus,
1371 2305 1428 2374 ira
1446 2321 1688 2398 commotus,
1713 2305 1927 2376 Reuchlini
1948 2305 2183 2378 sententiam

405 2434 453 2506 ad
469 2407 745 2528 imperatorem
763 2431 1012 2528 perscriptam
1032 2445 1072 2500 et
1089 2429 1326 2525 obsignatam
1345 2453 1425 2502 non
1442 2431 1567 2502 solum
1584 2431 1762 2528 improbe
1779 2432 1947 2530 aperuit,
1976 2433 2043 2504 sed
2063 2431 2182 2506 etiam

407 2586 492 2644 earn
510 2561 552 2632 in
568 2559 701 2632 libello
726 2559 908 2652 quodam,
932 2553 1035 2652 quod
1046 2550 1239 2657 speculum
1256 2557 1418 2632 nonnose
1426 2558 1715 2650 nominaverat,
1742 2558 1987 2653 depravatam
2007 2557 2183 2658 divulga·

408 2691 487 2781 vit,
524 2701 564 2767 et
581 2685 677 2757 adeo
696 2685 873 2756 libellum
892 2683 1003 2788 istum
1024 2683 1235 2776 semesum,
1274 2685 1317 2754 in
1347 2673 1963 2780 quoReuchlinuqudaeorum
1988 2683 2195 2758 vindicem

386 2843 455 2922 'ac
470 2817 665 2888 fautorem
686 2813 946 2886 delineaverat
957 2861 968 2904 ,
1004 2811 1051 2882 ad
1068 2827 1280 2887 mercatum
1301 2812 1500 2907 proiectus
1518 2833 1596 2884 una
1616 2834 1704 2884 cum
1720 2835 1843 2884 nxore
1860 2809 2109 2884 Francosurti
2131 2809 2183 2882 di·

409 2941 597 3018 vendidit.
659 2939 773 3036 Quod
792 2939 940 3034 Capnio
970 2937 1195 3036 indignatus
1223 2939 1347 3032 ipsum
1367 2937 1681 3036 Maximilianum
1707 2963 1778 3034 per
1801 2939 2051 3037 Reutlingam
2083 2937 2194 3023 sessi·-

253 3067 265 3078 ‘
411 3089 570 3146 nantem
600 3066 693 3140 adit
745 3067 820 3138 Sed
844 3067 1063 3161 imperator·
1083 3087 1188 3156 rem,
1230 3089 1346 3160 quarn
1384 3065 1566 3162 episcopo
1592 3065 1785 3164 Augustae
1812 3065 2122 3138 Vindeliciorum
2150 3064 2186 3136 se

411 3197 686 3274 mandaturum
713 3195 961 3290 promiserat,
1003 3193 1381 3292 proptergrariora,
1424 3193 1565 3286 quibus
1584 3191 1827 3289 agitabatur,
1865 3191 2023 3292 negotia
2041 3165 2188 3264 obiitne

291 3383 300 3398 .
415 3329 489 3402 1111
518 3323 684 3398 ridetur.
736 3321 884 3393 Frustra
904 3317 1059 3390 auxissia
1079 3307 1292 3414 sperantur.
1347 3321 1475 3418 Quare
1495 3319 1644 3412 Capnio
1666 3317 1816 3412 noster,
1853 3315 2188 3392 rar-existimationi

380 3467 385 3480 ’
415 3457 504 3529 suae
533 3451 752 3526 consuleret
776 3449 818 3520 in
844 3446 944 3518 libro
953 3437 1106 3548 speculo
1129 3447 1272 3521 oculari
1289 3445 1588 3544 (Augenspiegel
1608 3449 1652 3518 A.
1675 3450 1786 3540 1511)
1815 3445 1920 3518 edlto
1949 3445 2028 3539 ipse
2057 3445 2098 3516 se
2123 3441 2186 3516 de·
2215 3540 2220 3548 x

416 3581 552 3656 seudit.
604 3573 703 3650 Rem
724 3592 845 3649 totam
863 3563 992 3646 veram
1010 3589 1050 3646 11
1069 3575 1260 3672 integram
1277 3573 1368 3644 inde
1384 3573 1431 3644 ab
1451 3571 1603 3670 origine
1625 3571 1844 3643 certaminis
1871 3569 2076 3646 vernacula
2103 3593 2188 3644 nar·

335 3675 362 3722 ''
417 3726 498 3806 rat,
525 3705 726 3782 confilium
746 3697 924 3776 tuumsad
942 3689 1215 3797 imperatorefrn
1235 3699 1428 3794 perlatum
1448 3699 1732 3788 communicat,
1759 3697 1798 3772 et
1814 3699 1997 3792 denique,
2024 3718 2096 3794 pro
2116 3699 2188 3770 Co·

416 3835 653 3914 lonieusrbus
676 3833 796 3930 setina
824 3853 981 3926 quoque
1011 3821 1271 3900 declaratione
1286 3825 1438 3916 addita,
1473 3823 1717 3918 Pipericorni
1738 3825 1950 3898 calumnias
1971 3837 2012 3895 11
2031 3823 2188 3896 menda·

418 3969 475 4038 cia
492 3965 543 4036 ita
562 3961 723 4058 exponit
741 3976 781 4031 et
803 3959 967 4048 refutat,
997 3971 1041 4026 ut
1056 3945 1174 4026 huius
1194 3953 1477 4025 controversiae
1495 3951 1615 4050 saura,
1642 3949 1795 4050 ingenti
1815 3951 1933 4022 baino
1954 3951 2046 4024 libri
2063 3973 2190 4026 exem·

217 4095 220 4104 '
360 4157 367 4166 .
417 4083 583 4192 psariu‘rn
609 4087 720 4186 copia
749 4085 965 4178 divendita,
1008 4105 1078 4178 per
1096 4087 1218 4154 totam
1240 4079 1487 4153 Germaniam
1506 4079 1679 4171 aliasque
1692 4093 1820 4169 ¹terrae
1841 4077 2185 4179 percrebresceret.

331 4247 334 4252 ’
417 4195 1252 4310 Renchliuumaliipropteriddaudabant,
1295 4207 1362 4278 alii
1388 4206 1662 4300 vituperabant
1682 4204 1787 4300 quod
1808 4203 2086 4300 Pipericorno,
2124 4203 2188 4301 qui
2226 4288 2230 4296 1

281 4379 287 4396 ·
418 4353 479 4422 tot
498 4345 704 4430 verborum
729 4365 772 4413 ac
790 4333 918 4419 tantae
936 4361 1077 4439 operae
1096 4361 1146 4408 na
1166 4335 1306 4434 dignus
1334 4333 1489 4428 quidem
1514 4331 1627 4422 esset,
1672 4331 1922 4428 respondisset
1947 4329 2188 4428 nequisfirno.

419 4473 494 4550 Sed
512 4469 763 4556 Coloniensea
788 4465 965 4568 theologi
990 4451 1033 4563 ac
1052 4461 1235 4538 monachi
1252 4461 1306 4532 ita
1323 4461 1396 4532 hac
1415 4460 1461 4530 de
1478 4481 1519 4528 re
1535 4457 1675 4530 irritati
1691 4459 1802 4550 sunt,
1839 4473 1885 4556 ut
1904 4459 2120 4535 Arnoldum
2136 4459 2187 4530 de

368 4641 374 4644 ·
420 4601 615 4704 Tungarie
639 4581 930 4696 prosesl'orern,w
954 4582 1070 4692 quern
1097 4591 1200 4662 inter
1223 4591 1326 4686 ipsos
1355 4585 1614 4658 doctissimum
1640 4583 1926 4678 existimabant,
1962 4599 2096 4660 contra
2116 4587 2189 4658 boc

421 4723 622 4828 speculum
648 4719 806 4800 oculare
831 4719 995 4812 scribere
1018 4719 1213 4797 iuberent·
1278 4715 1393 4812 Quod
1418 4737 1507 4786 cum
1525 4711 1573 4785 ed
1593 4711 1806 4786 Reuchlini
1827 4735 1940 4784 auree
1961 4711 2188 4809 pervenisset

423 4859 548 4934 statim
574 4855 620 4929 ad
638 4852 854 4930 Arnosdum
882 4850 929 4928 de
946 4841 1140 4948 Tungaria
1166 4861 1206 4918 et
1225 4841 1271 4918 ad
1289 4843 1513 4934 Kollinum,
1548 4841 1668 4916 alium
1693 4837 1887 4938 quendam
1909 4838 2096 4914 Coloniae
2114 4859 2191 4914 rna·
