4788 5702
889 401 1474 570 --'39'1-'
1582 505 1585 514 .

218 623 420 715 minibus,
440 601 626 700 institutis
645 619 930 710 detrimentosa,
956 609 1048 696 sad
1037 643 1171 722 ingens
1187 643 1312 693 rerum
1328 617 1501 694 omnium
1520 608 1690 688 consusro
1708 633 1749 684 ac
1768 601 2002 718 perturbatio
2116 667 2121 678 ,

150 787 155 796 ·
227 751 373 830 extitit
427 753 498 826 Sed
486 777 594 870 quo
618 753 804 824 tardiores
828 751 1090 848 cautioresque
1114 751 1154 822 in
1174 747 1376 837 novando,
1404 753 1635 865 ιιιιιοιιιιιι
1656 736 1919 822 retinentiores
1940 755 2002 805 eo·

227 904 336 970 rum,
364 893 459 984 quae
476 879 544 952 usu
558 877 719 976 probata
748 877 1026 975 cognovissent,
1062 896 1100 949 et
1127 893 1271 973 quanto
1298 875 1580 960 retinentioras,
1609 888 1716 942 tanto
1737 867 1848 938 etiam
1869 857 2050 936 certio·‘.

226 1033 286 1082 res
306 1007 505 1122 utilitatis,
524 1029 636 1103 quae
662 1003 709 1074 ad
737 1003 1011 1118 rempublicam
1038 986 1256 1088 litterariam
1281 1000 1587 1098 proficisceretur.
1638 991 1855 1075 Desaeeuli
1876 1005 2002 1063 autem
2114 1085 2120 1098 ι

141 1233 144 1238 Ι
226 1135 365 1224 Genio,
394 1156 541 1236 quem
526 1123 670 1205 hodie
661 1137 808 1204 novum
833 1131 873 1200 in
892 1099 1027 1204 ιιιιιιιι
1048 1131 1182 1204 dacem
1211 1155 1316 1204 novo
1336 1121 1531 1210 vocabulo
1551 1125 1770 1246 appellant,
1800 1119 1885 1193 ιιιι
1874 1137 1932 1190 ιιι
1945 1118 2001 1190 iu·
2092 1165 2096 1172 ·

224 1253 421 1350 dicabant,
448 1284 532 1332 ιιοιι
560 1278 602 1332 ut
627 1257 732 1356 quod
754 1255 866 1336 facile
892 1275 1191 1372 promptumque
1201 1257 1304 1332 esset
1331 1255 1510 1358 omnibus
1532 1235 1585 1327 ad
1606 1227 1901 1348 e'itpedieitdum,
1929 1241 1999 1332 sed

128 1388 144 1446 Ἃ
223 1373 363 1502 quod
352 1405 499 1462 iuvaret
517 1387 686 1472 litteras,
723 1407 940 1478 veramque
939 1399 989 1456 ιι
1009 1406 1219 1494 accuratam
1247 1351 1496 1458 eruditionem
1517 1381 1759 1466 sustentaret,
1787 1371 1930 1448 etiamsi
1945 1372 1998 1446 fa
2103 1465 2109 1484 ι

179 1485 695 1634 etudifficiilimumesset,
722 1507 829 1582 bono
849 1511 1182 1607 Ganioacceptum
1203 1539 1246 1588 ac
1266 1513 1421 1610 dignum
1439 1506 1707 1608 existimarent,
1735 1503 1999 1577 tesentestta·
2053 1505 2065 1530 ⁸

220 1639 382 1747 studium
407 1637 525 1713 illude
553 1639 929 1732 Tisd'dparisldpiira
949 1639 1021 1710 θεοὶ
1042 1669 1074 1711 κ.
1096 1641 1181 1712 nl.
1235 1639 1381 1737 Quod,
1394 1663 1443 1710 ne
1469 1640 1574 1745 plura
1598 1657 1703 1706 nunc
1727 1631 1998 1718 consectemur,

218 1793 266 1840 ex
284 1792 325 1842 ea
342 1765 418 1861 ipsa
436 1791 477 1838 re
494 1765 580 1838 satis
601 1782 773 1862 apparet,
802 1788 898 1862 quae
917 1765 1030 1838 nobis
1048 1767 1138 1839 haec
1159 1765 1357 1862 praefandi
1372 1764 1697 1902 opportunitatem
1719 1760 1834 1834 dedit

305 1896 438 1991 Nam,
473 1889 579 1989 quod
602 1889 720 1980 felix,
754 1887 916 1964 faustum
939 1891 1253 1992 fortunatumque
1277 1891 1342 1982 fit,
1378 1917 1453 1966 nos
1480 1911 1631 1990 quoque
1652 1907 1762 1962 vetus
1781 1837 1994 1966 institutum

86 2091 92 2096 ,
213 2021 288 2093 iam
307 2020 532 2116 repetimus,
559 2041 671 2092 n0v18
686 2041 808 2126 nuper
825 2019 1047 2094 Academrae
1066 2019 1213 2120 legibus
1241 2021 1426 2116 sapienter
1453 2009 1719 2104 infiaurdtum,
1746 2011 1870 2109 quod,
1896 2007 1994 2082 lire·
2086 2075 2094 2090 ‚

217 2165 276 2220 cte
292 2141 588 2233 administretur,
615 2169 696 2216 non
714 2145 831 2217 modo
847 2141 1017 2232 stimulos
1036 2147 1253 2222 admovebit
1273 2147 1494 2220 academicis
1515 2141 1663 2231 studiis,
1690 2140 1751 2212 sed
1767 2140 1881 2236 ipsam
1897 2161 1993 2242 quo·
2050 2194 2055 2207 ,

86 2287 98 2298 “
217 2298 290 2372 que
319 2256 542 2359 Academiae
566 2270 704 2357 famam
726 2291 764 2344 et
788 2255 948 2371 gloriani
976 2273 1232 2368 amplificabit.
1281 2263 1438 2358 'Etenim
1465 2297 1584 2372 quum
1610 2269 1877 2366 saepenumero
1901 2287 1991 2336 con·

215 2397 333 2498 quasti
355 2397 428 2472 sint
444 2397 732 2497 viri'graviffimi
751 2401 803 2494 ι)·,
840 2373 1156 2472 consuetudinem
1176 2391 1389 2495 scriptionis]
1409 2401 1658 2486 academicae,
1685 2399 1760 2503 boc
1783 2389 1854 2480 est,
1882 2389 1986 2462 illius

217 2552 313 2626 quae
332 2525 552 2601 Academiae
578 2527 736 2630 nomine
760 2545 799 2598 et
816 2502 1039 2598 auctoritate
1060 2528 1106 2598 ab
1120 2527 1287 2625 ‚lingulis
1318 2529 1497 2624 deinceps
1524 2524 1744 2609 doctoribus
1771 2517 1986 2628 suseipitur,
2035 2507 2041 2530 ⁸

215 2681 293 2754 quo
317 2653 581 2758 vehementiae
608 2653 820 2751 laetiusque
843 2653 1009 2752 viguerit
1037 2644 1119 2740 pon
1145 2651 1268 2728 solum
1298 2659 1449 2752 patruus¹
1476 2655 1679 2741 memoria,
1715 2647 1985 2723 verumetiam
2025 2677 2027 2684 ·

213 2782 438 2898 maiorum,
457 2805 503 2852 ιο
528 2781 698 2879 graviora
726 2805 815 2854 cum
844 2768 1054 2854 litterarum
1079 2781 1219 2856 damno
1245 2793 1501 2890 'contemptam
1523 2777 1645 2853 nostra
1670 2796 1788 2853 aetate
1806 2793 1843 2847 et
1860 2773 1986 2872 negle
2066 2817 2072 2828 ι

141 2976 147 2984 .
216 2929 315 2984 ctam
334 2931 473 2982 iacere
502 2905 697 3007 singularia
714 2933 801 2981 cura
818 2910 995 2996 illorum
1025 2931 1092 3006 qur
1110 2934 1222 2986 novis
1242 2911 1481 2998 Acsdemiam
1502 2905 1691 2982 lenensem
1709 2903 1859 3004 legibus
1877 2925 1984 2974 orna
2083 2881 2087 2899 '

212 3053 326 3125 ιιιιιι,
353 3035 394 3106 ιιι
411 3057 455 3106 ιο
476 3032 551 3108 fuit
570 3031 710 3130 polita,
747 3053 791 3108 ut
818 3055 928 3123 vetus
954 3035 1051 3110 illud
1079 3061 1122 3110 ac
1141 3037 1298 3122 salutare
1317 3037 1501 3112 scribendi
1526 3027 1738 3108 institutum
1758 3050 1796 3104 et
1812 3032 1853 3104 in
1873 2993 1982 3102 usum

210 3159 466 3250 revocaretur,
495 3181 534 3234 et
550 3161 661 3235 novis
679 3161 1030 3280 opportunitatibus
1050 3159 1285 3254 adstrictum,
1311 3149 1557 3240 scribentibus
1575 3163 1711 3304 pariter
1727 3177 1840 3278 atque
1856 3159 1983 3294 legeu-

210 3293 313 3372 tibus
332 3261 538 3362 iucundius
558 3289 974 3388 commendabiliusque
992 3290 1219 3366 redderetur.

311 3417 493 3519 Quocirca
522 3417 687 3511 primum
720 3415 965 3516 diligentius,
1001 3443 1115 3516 quam
1141 3435 1270 3508 antea,
1305 3418 1485 3514 descripta
1509 3437 1657 3494 atvero
1684 3417 1795 3488 etiam
1823 3411 1980 3486 adaucta

208 3549 294 3620 lunt
310 3545 439 3620 munia
458 3541 674 3617 Professoris
694 3535 955 3640 eloquentiae,
982 3547 1093 3620 novis
1110 3546 1394 3620 Protectoribus
1423 3545 1481 3616 bis
1499 3569 1651 3642 quoque
1668 3567 1769 3614 anno
1789 3529 1981 3614 c‘ommen·
2061 3613 2065 3626 ,

205 3671 361 3762 ιιιιιιιιι,
387 3671 599 3747 scholarum
620 3667 843 3744 semestrium
862 3671 1267 3770 indicibusprooemio
1284 3669 1521 3757 instruendis,
1549 3670 1760 3758 indicendis
1778 3687 1860 3740 tum
1878 3673 1980 3758 Lyn·

206 3799 352 3876 laeriani
370 3795 566 3886 beneficii,
603 3815 684 3882 tum
708 3797 916 3888 sacrorum,
950 3795 1078 3898 siqua
1096 3799 1292 3895 incidunt,
1320 3797 1698 3873 extraordinariorum
1720 3793 1978 3880 sollemnibus,
2054 3880 2057 3888 f

205 3927 455 4002 certaminum
468 3925 724 4030 publicorum
752 3929 985 4024 argumentis
1011 3901 1296 4026 promulgandis
1320 3927 1602 4023 victoribusque
1628 3926 1798 3998 oratione
1822 3902 1976 4018 publica

203 4041 489 4140 renuncisndis,
507 4043 734 4126 condendis
753 4053 977 4128 Academiae
1004 4055 1224 4144 annalibus,
1260 4055 1461 4129 scribendis
1480 4051 1669 4174 epistolis,
1700 4075 1795 4148 quae
1814 4049 1974 4130 honoris
2024 4107 2033 4128 ,

199 4191 243 4282 a't
263 4174 378 4256 officii
402 4177 518 4254 caussa
539 4177 585 4252 ad
604 4179 694 4252 alias
718 4157 937 4256 Academias
960 4181 1184 4274 mittantur,
1220 4184 1496 4322 concinnandis
1523 4159 1687 4279 publicis
1711 4177 1973 4316 gratulatiopi·

108 4420 114 4436 x
203 4393 560 4427 W,

484 4463 488 4476 Ι

51 4593 59 4608 ι
116 4517 119 4529 '
237 4559 248 4572 .
286 4513 315 4588 ι)
338 4481 1063 4600 ImprimiaHeyniuainipsasrotrteOpus-x
1109 4493 1385 4592 Ιιιιιιιιιιιῐιιιιιιι,
1410 4511 1484 4594 Cpr.
1507 4483 1633 4573 Frider.
1656 4509 1892 4600 Heipricbiur,
1913 4527 1970 4588 ps·

198 4621 264 4694 cul.
286 4601 430 4683 academ.
452 4641 484 4702 p.
507 4617 555 4680 IV
574 4631 607 4680 et
628 4619 705 4704 VI„
728 4619 846 4702 Neque
867 4639 927 4702 ago
947 4623 1039 4684 delui
1128 4623 1246 4684 euliari
1261 4623 1376 4688 libello
1393 4622 1432 4683 de
1446 4621 1594 4682 instituto
1611 4619 1969 4708 scriptionis-publicae
1995 4615 1998 4620 ’

91 4753 117 4769 ’·
198 4727 431 4812 querentibus,
462 4741 621 4814 etmsam
639 4729 758 4792 baeda
776 4730 1037 4808 reseutentiam,
1123 4731 1161 4792 iu
1182 4731 1368 4800 Academiis
1392 4731 1516 4793 tuendo
1541 4733 1593 4796 vel
1616 4733 1821 4809 revocando,
1856 4732 1966 4794 Kilcta.

163 4831 312 4938 ''upalliut
333 4839 529 4922 proditam„
550 4839 642 4920 gravi
662 4837 816 4921 suffragio
846 4825 970 4908 adiuvit
988 4821 1062 4902 virv
1116 4831 1438 4924 '1301.4.p.vn1..
1508 4839 1512 4850 ’
1592 4851 1600 4858 “
1879 4846 1885 4854 ’
