4788 5702
1144 441 1350 614 &3¹7⁰
1429 503 1547 562 ..ι’

442 663 696 794 tranquillitas
731 690 848 777 animi
873 689 1147 792 tranquillitqte
1174 685 1382 766 masculari
1408 689 1660 788 exprimetur,
1699 695 1853 766 tenuem
1878 681 2054 792 affectum
2079 695 2214 769 tenuis

443 807 573 897 motus
591 824 775 922 sequetur
825 825 960 918 Motus
986 821 1102 896 animi
1129 818 1260 894 sensim
1282 817 1494 918 sensimque
1524 837 1659 894 auctus
1689 819 1871 922 gradatim
1895 820 2225 918 pluramnsculo·

443 974 530 1026 rum
549 947 656 1024 strata
674 949 981 1063 commovebit,'
970 968 1023 1024 rte
1040 927 1084 1023 ιιι
1101 949 1283 1076 paulatim
1301 947 1347 1022 ab
1369 973 1448 1021 uno
1465 949 1609 1022 lacerto
1630 949 1676 1022 ed
1694 949 1810 1022 aliun't
1827 953 2099 1050 homologum,
2124 977 2223 1048 qne·

447 1075 730 1154 liisolatoribue
758 1079 943 1156 electricia
960 1080 1069 1154 victis
1092 1078 1299 1168 transiliet,
1325 1077 1445 1176 quod
1462 1077 1565 1150 idem
1588 1069 1891 1172 saepenumero
1879 1103 1921 1152 ιιι
1946 1079 2102 1174 spermit
2124 1079 2228 1154 acci·

448 1205 536 1280 dere
555 1205 659 1290 solet.
712 1213 770 1282 ita
788 1208 852 1299 fit,
880 1226 925 1282 ut
939 1209 1081 1304 saepius
1100 1207 1262 1306 denique
1287 1207 1363 1302 ipsa
1384 1231 1524 1306 organa
1548 1205 1780 1302 respiratoria
1800 1231 1907 1306 agere
1928 1207 2112 1303 incipiant
2131 1231 2226 1304 pro·

430 1353 535 1432 ¹pter
550 1359 732 1439 maguum
749 1339 847 1410 inter
862 1340 1013 1439 motum
1041 1353 1079 1408 et
1101 1334 1382 1430 respirationem
1402 1320 1620 1434 consensum
1644 1352 1683 1406 et
1701 1332 1751 1418 sic
1767 1359 1866 1430 vor,
1892 1337 2120 1434 loquelaque
2136 1357 2226 1408 mo·

449 1479 533 1536 tum
551 1465 725 1553 ediuvat,
753 1465 1038 1566 comitaturque.
1089 1464 1260 1560 Loquela
1278 1459 1382 1534 enim
1398 1463 1497 1536 nibil
1517 1459 1586 1553 est,
1606 1460 1694 1536 -nili
1714 1463 1889 1555 Mimice3
1917 1461 1965 1540 est
1981 1465 2137 1544 Mimice
2156 1487 2225 1534 au·

398 1665 401 1668 ,
451 1590 577 1682 ditus,
623 1613 666 1665 ut
696 1593 853 1687 Mimice
879 1593 1037 1690 proprie.
1066 1588 1116 1664 lie
1143 1589 1242 1664 dicte
1268 1593 1423 1688 loquela
1459 1587 1560 1667 visua
1599 1591 1781 1672 habenda.
1852 1592 1971 1666 Sicuti
2008 1595 2106 1666 haec
2137 1615 2225 1662 mo·

451 1699 534 1792 tum
561 1737 599 1792 et
620 1701 787 1792 meinbra
810 1720 973 1799 motoria
996 1719 1176 1815 spectat,
1191 1719 1257 1790 illu
1281 1737 1424 1799 contre
1438 1719 1720 1815 respirationem
1744 1739 1782 1794 et
1812 1745 1952 1821 organa
1972 1717 2221 1816 respiratorie

358 1931 362 1941 .
451 1847 490 1920 si
509 1848 701 1936 Mimice
690 1873 732 1920 m
757 1867 841 1922 oute
868 1849 1006 1934 oritur,
1039 1867 1169 1922 contra
1187 1846 1343 1943 Mimice
1366 1847 1544 1922 sonorum
1570 1847 1812 1944 praesertim
1801 1875 1841 1920 m
1857 1847 2033 1926 inteilino
2054 1850 2132 1922 cuti
2153 1870 2224 1944 op·

324 1965 372 2025 ·’
450 1971 573 2072 posito
596 1973 739 2050 residet.
793 1983 896 2076 Quae
921 1961 1116 2050 Mimice
1101 2001 1144 2048 ιιι
1130 1933 1299 2050 similes
1323 1977 1430 2076 lagae
1454 1978 1681 2052 universales
1706 1977 1926 2068 reducetur,
1961 2003 2073 2080 quam
2092 1974 2222 2050 nostra

431 2119 501 2178 ct
515 2101 675 2178 diversae
699 2105 886 2204 linguee'
873 2129 915 2183 ιιι
940 2105 1081 2197 literis,
1110 2093 1261 2197 syllabis
1281 2119 1320 2177 et
1342 2103 1503 2180 vocibus
1530 2077 1703 2179 naturam
1729 2119 1768 2178 et
1791 2106 1960 2178 animum
1984 2105 2224 2202 populorum

450 2231 635 2327 prodent,
671 2235 729 2315 nti
755 2249 884 2306 motus
916 2233 1083 2328 corporis
1118 2234 1300 2306 animum.
1365 2239 1452 2306 Hoc
1476 2247 1600 2306 eutem
1632 2259 1713 2308 non
1739 2235 1787 2306 ud
1815 2259 1936 2306 meam
1961 2231 2220 2331 quaestionem

450 2361 618 2434 membre
635 2361 799 2434 motoria
814 2341 933 2432 solum
950 2361 1206 2458 inquirentem
1231 2361 1392 2456 spectat,
1429 2361 1489 2436 sed
1506 2357 1693 2436 Acusticee
1710 2381 1747 2434 et
1763 2339 2051 2460 i'bilologorum
2067 2361 2222 2458 phyfio·

376 2517 385 2536 f
450 2489 665 2586 logicorum
689 2484 750 2561 est.
777 2485 1057 2584 -1Propos1tis
1082 2513 1186 2560 nunc
1211 2487 1482 2564 universalibus
1509 2489 1677 2586 legibus,
1722 2490 1769 2562 td
1796 2489 1963 2594 fingulqs
1983 2485 2136 2564 affectus
2158 2491 2221 2567 de·

451 2616 644 2708 scendum,
672 2633 718 2690 ut
732 2615 945 2706 videamus,
973 2639 1020 2688 un
1039 2595 1128 2690 illae
1145 2618 1246 2715 leges
1265 2616 1342 2714 ipsi
1358 2634 1491 2690 natura
1508 2615 1804 2708 confirmentur,
1830 2643 1902 2692 nec
1918 2643 1979 2693 ne.

574 2826 581 2840 ,
1254 2747 1290 2834 §.
1353 2749 1414 2818 16.

480 2883 483 2894 '
554 2868 723 2948 Affectus
750 2874 888 2963 animi,
927 2871 1134 2970 inquibus
1163 2859 1507 2969 obsrm'plieitatem
1530 2887 1686 2946 naturae
1707 2872 1886 2968 poleritae
1905 2851 2084 2948 Mimicec
2104 2897 2219 2970 qnam

393 3036 397 3048 ·
454 2999 649 3074 clarissime
672 3002 824 3098 patefit,
861 3001 1028 3097 primum
1057 2999 1320 3116 considerabo,
1359 3003 1540 3098 'quoniam
1566 3001 1746 3074 nimirum
1764 3003 1914 3076 illerum
1936 3001 2219 3101 legumveritaa

453 3131 516 3202 luc
535 3131 748 3206 evidentius
763 3147 934 3225 apparet
971 3153 1083 3226 quam
1100 3153 1141 3200 ιιι
1159 3128 1404 3225 compositis,
1432 3130 1571 3262 quiob
1594 3127 1906 3226 compositionem
1927 3149 2220 3230 motuumque

454 3283 527 3356 que
544 3257 771 3332 mixtionem
789 3257 929 3332 vatiam
950 3256 1182 3328 excitabunt.
1432 3235 1434 3243 ‚
2221 3343 2227 3352 .

395 3361 400 3370 Ι
512 3391 645 3492 Duo
673 3383 904 3481 sibimetipsis
936 3381 1100 3479 oppositi
1126 3385 1243 3456 enimi
1269 3399 1399 3458 motus
1427 3383 1512 3456 sunt
1538 3401 1658 3460 metue
1677 3401 1714 3456 et
1726 3377 1833 3486 spes,
1875 3409 2039 3482 quorum
2056 3387 2149 3460 aiter
2165 3411 2219 3460 re·

301 3507 308 3514 ’
391 3571 403 3618 .·
455 3515 587 3587 tractio
615 3515 732 3588 animi
757 3510 842 3586 est
832 3539 872 3586 ιιι
896 3512 1129 3608 semetipsum
1146 3481 1401 3586 obmundum
1426 3513 1708 3602 minitantem,
1728 3513 1822 3586 alter
1846 3510 2021 3608 expansio
2042 3539 2157 3588 annm
2176 3539 2217 3587 ιιι

400 3648 403 3656 '
453 3655 613 3740 tempus
631 3641 803 3716 futurum
832 3643 1028 3714 harmoniai
1047 3663 1133 3714 cum
1156 3643 1373 3742 organismo
1392 3643 1666 3722 coniunctum.
1704 3645 1762 3729 Is,
1799 3641 1864 3738 qui
1883 3636 2038 3729 metuit,
2074 3643 2220 3716 disbar-

451 3771 621 3854 moniam
653 3773 752 3844 inter
777 3771 812 3843 se
838 3789 949 3870 atque
976 3772 1163 3868 mundum
1190 3785 1227 3842 et
1253 3771 1287 3842 se
1313 3771 1381 3842 illo
1408 3765 1503 3842 iusto
1530 3770 1751 3840 debiliorem
1776 3767 1845 3840 esse
1868 3769 1999 3848 sentit·
2043 3771 2218 3846 Timidus

309 3955 312 3962 ,
394 3965 404 3988 ,
451 3901 601 3972 animus
630 3923 718 3998 ergo
743 3899 882 3972 recedit
908 3899 953 3972 ab
983 3901 1146 3975 externis
1164 3900 1204 3970 in
1223 3897 1259 3970 se
1275 3897 1395 3992 ipsum
1414 3914 1451 3968 et
1469 3895 1745 3986 lubentissime,
1769 3893 1808 3968 ‘fi
1824 3895 1960 3992 pollet,
2001 3919 2217 3995 correperct

363 4065 366 4072 ·
422 4033 576 4124 ¹'tneque
602 4025 649 4098 ad
678 4045 866 4122 punctum
891 4029 1221 4115 mathematicum,
1262 4033 1379 4120 quum
1398 4043 1537 4098 'contra
1556 4026 1635 4120 spes
1654 4008 1767 4122 atque
1785 4021 2004 4100 defiderium
2021 4025 2055 4099 se
2075 4043 2215 4124 expan-

400 4205 410 4216 -
453 4154 541 4230 dere
565 4155 714 4230 mavult
738 4172 860 4252 usqne
885 4155 931 4228 ad
948 4155 1067 4260 ‘spatii
1096 4154 1354 4257 temporisque
1378 4153 1616 4228 infinitatem.
1669 4153 1763 4226 Inde
1787 4153 2112 4247 concludendum,
2141 4183 2216 4230 me-

451 4303 536 4360 tum
557 4279 714 4384 naturae
741 4286 1014 4374 contrectivaa,
1050 4301 1195 4380 partem
1222 4305 1376 4380 qnoque
1400 4283 1674 4356 contrectirem
1699 4277 1899 4376 systematis
1926 4278 2150 4357 muscula-ss
2176 4288 2216 4392 in

363 4429 368 4439 “
453 4411 670 4488 consensum
701 4429 905 4486 tracturum
924 4413 948 4484 i
969 4437 998 4483 e.
1020 4411 1234 4485 flexionem.
1287 4417 1419 4508 Itaque
1438 4427 1574 4484 totum
1582 4433 1718 4508 corpus
1736 4409 1896 4484 adlatus
1913 4386 2110 4486 florentium
2128 4439 2221 4489 con·

450 4544 548 4616 verti
573 4558 611 4613 et
634 4539 769 4613 adduct
787 4539 919 4628 debet,
959 4563 1098 4634 nempe
1117 4541 1284 4614 ventrale
1303 4543 1355 4632 (ᾗ
1374 4543 1429 4632 n).
1480 4541 1573 4612 inde
1592 4539 1656 4627 sit,
1696 4539 1799 4610 utin
1824 4539 2216 4632 periculisimminen·

452 4669 597 4746 tibus
585 4667 738 4760 Jamjem
764 4677 933 4753 vermes,
968 4667 1075 4740 iulne
1105 4667 1251 4764 aliaque
1278 4665 1420 4741 Insecta
1450 4683 1554 4740 metu
1583 4663 1750 4762 perculsa
1768 4663 1895 4738 stetim
1924 4683 2048 4740 totum
2076 4693 2212 4764 corpur

451 4787 663 4872 antrotsum
687 4797 934 4884 contrahent,
970 4795 1141 4899 pilaeque
1161 4793 1273 4869 instar
1291 4795 1544 4880 convolvant,
1585 4817 1710 4892 neque
1727 4796 1768 4866 in
1788 4795 1850 4867 his
1872 4795 2096 4870 animalibus
2113 4791 2224 4880 solia?

451 4927 606 5032 qnando
630 4943 828 5017 metuunt,
862 4923 935 4997 bic
952 4941 1080 5000 metue
1101 4927 1284 5020 occurrit,
1317 4925 1377 4998 sed
1399 4948 1531 5000 omnes
1550 4917 1910 5028 bellicosuperiqrei
1927 4923 2027 5038 idem
2045 4927 2213 5028 plns'btia
