4788 5702
1114 369 1169 406 ·“’“
1245 366 1320 438 370
1396 377 1476 484 ⁸⁸¹

810 505 814 510 ⁵
877 527 1660 636 ¹11.Pure-physiologica.
1731 575 1736 586 ·

975 687 1016 730 ’·
1111 701 1188 766 De
1233 703 1478 766 Mimiee

1214 891 1250 979 ᾗ.
1306 897 1366 964 ιἰ.
1554 939 1556 946 1

401 1112 405 1118 .
507 1037 707 1142 Postquam
733 1020 1052 1138 metamorphosin
1075 1037 1278 1135 systematis
1300 1041 1475 1132 motorii,
1502 1015 2094 1140 fingulorumque'musoulorum
2111 1066 2180 1118 na·

409 1172 590 1246 turam'in
616 1143 829 1246 universum
858 1168 1089 1259 examinavi,
1129 1169 1176 1244 ad
1203 1187 1361 1244 motum.
1375 1169 1498 1266 ipsum
1517 1169 1558 1242 ιιι
1585 1164 1778 1240 affectibus
1800 1168 1934 1256 animi,
1962 1171 2179 1270 mentisque

408 1299 590 1374 transibo.
643 1305 776 1396 Neque
795 1315 919 1370 autem
937 1321 1087 1374 meeum
1108 1297 1231 1410 agito,
1256 1299 1368 1394 plane
1389 1321 1508 1370 novas
1534 1297 1575 1370 ιιι
1603 1296 1660 1367 his
1689 1295 1873 1368 doctrinis
1894 1296 2176 1372 observationes

406 1423 592 1534 proferre,
617 1425 680 1498 sed
697 1425 736 1496 id
764 1425 1092 1500 tantummodum
1123 1425 1251 1498 animo
1268 1423 1339 1512 esi,
1377 1443 1421 1496 ut
1444 1413 1756 1554 experientiarum
1777 1423 2037 1517 empiricarum
2056 1431 2178 1500 Lava·

407 1555 497 1643 teri,
526 1535 715 1652 Camperi,
742 1553 900 1650 Engelii
910 1570 979 1626 etc.
996 1554 1293 1649 explicationem
1315 1569 1352 1624 et
1367 1554 1472 1649 leges
1489 1529 1664 1625 ιιιιιιιιιιιι
1683 1568 1721 1622 et
1734 1547 2062 1648 Phyiiognomiees
2081 1556 2177 1652 phy·

388 1679 607 1780 siologioas
627 1679 849 1754 universales
869 1704 1092 1776 proponam.
1149 1680 1328 1775 specialia
1350 1679 1502 1762 uberius
1519 1695 1728 1774 pertexere
1725 1675 1902 1772 scriptum
1921 1675 2044 1774 ipsum
2060 1700 2176 1762 vetat.

408 1811 568 1908 aliisque
586 1807 702 1898 cedo,
739 1807 875 1906 quibua
894 1807 1019 1902 plures
1050 1807 1327 1904 observationes
1354 1805 1684 1905 phyfiognomicas
1698 1801 1832 1877 facem
1854 1795 2031 1906 cdntigit,
2059 1832 2172 1912 quam

407 1939 514 2012 mihi.
565 1941 700 2034 Neque
731 1935 833 2008 enim
851 1923 1024 2010 Lavateri
1048 1931 1369 2010 observationibus
1396 1933 1673 2030 specialioribus
1701 1932 1774 2006 niti
1796 1934 1910 2020 licet,
1947 1923 2050 2031 quod
2067 1935 2172 2031 saepe

408 2064 496 2160 plus
515 2065 722 2152 exclamat,
760 2085 872 2162 quam
897 2061 1058 2154 iudioat,
1094 2062 1213 2198 magis
1239 2063 1423 2210 imagines
1443 2058 1608 2160 lingulas
1631 2057 1783 2136 confuse
1803 2057 2032 2155 confideret,
2058 2087 2172 2162 quam
2221 2085 2230 2090 ·

407 2193 509 2292 leges
530 2191 721 2290 proponit.

1221 2327 1253 2404 §a
1306 2341 1368 2392 12·
2080 2412 2084 2420 Ι

511 2445 637 2557 Caussa
653 2445 817 2520 maxime
839 2443 1077 2533 universalis,
1106 2466 1217 2542 quam
1246 2440 1478 2518 statuendam
1505 2459 1622 2538 puto,
1650 2469 1717 2518 cur
1734 2469 1812 2519 uno
1831 2445 2038 2546 eodemque
2055 2445 2173 2522 irrita·

253 2597 257 2604 ·
360 2649 364 2654 ,
407 2591 541 2648 mento
570 2571 714 2672 singula
733 2569 842 2648 strata
861 2557 1123 2646 musculorum
1148 2573 1272 2644 trunci
1298 2591 1335 2644 et
1364 2569 1473 2644 faciei
1498 2577 1550 2642 in·
1570 2573 1717 2647 actione
1745 2557 2002 2664 consentiant,
2037 2599 2079 2648 ea
2107 2569 2171 2664 est,

394 2701 515 2800 ,quod
526 2719 687 2790 ,natiuae
703 2681 922 2798 homologiai
937 2700 1036 2772 inter
1053 2699 1087 2772 se
1106 2700 1401 2798 coniunguntur.
1430 2699 1613 2772 Nemoin
1631 2695 1883 2802 quaestionem
1898 2719 2022 2790 vocat,
2043 2725 2171 2799 quam·

408 2831 540 2903 obrem
558 2827 724 2928 singulae
744 2829 865 2902 unius.
878 2829 1042 2918 musculi
1067 2827 1180 2902 librae
1203 2829 1255 2902 ita
1280 2829 1378 2902 inter
1399 2826 1434 2898 se
1452 2827 1707 2916 consentiant,
1725 2845 1779 2900 ut
1797 2829 1872 2903 unis
1887 2817 2171 2920 contrabantur,
2288 2887 2295 2894 .

340 2951 367 3054 Ἰ
408 2959 484 3032 uni
515 2955 794 3053 expandantur,
836 2979 949 3028 nemo
973 2960 1200 3057 interrogat,
1246 2939 1311 3030 cur
1336 2956 1378 3028 in
1405 2953 1623 3026 extensione
1648 2957 1771 3028 trunci
1799 2981 1932 3032 omnes
1957 2958 2170 3032 extensores

347 3057 350 3066 ,
408 3086 574 3162 musculi
602 3085 647 3156 ab
673 3081 927 3180 interspinosrs
945 3103 1065 3180 usque
1092 3085 1139 3158 ad
1162 3085 1397 3156 Cucullarem
1425 3083 1682 3154 adactionem
1703 3083 1959 3174 concitentur,
1988 3087 2080 3183 quid
2098 3088 2171 3158 mi-

325 3185 329 3190 Ι
408 3239 493 3286 rum
511 3236 601 3310 ergo
623 3209 649 3284 ιι
667 3207 799 3286 affecto
819 3210 970 3283 cerebro
988 3213 1105 3284 cranii
1123 3231 1232 3308 atque
1251 3209 1359 3286 faciei
1376 3211 1539 3284 musculi
1554 3209 1754 3310 homologi
1773 3235 1848 3282 una
1864 3213 2169 3322 contrabuntur?

406 3345 510 3416 Idem
530 3341 629 3411 enim
649 3339 765 3412 aderit
781 3339 977 3434 consensus
996 3341 1216 3437 aequalitate
1244 3335 1398 3411 effectus
1418 3361 1503 3410 cum
1527 3337 1658 3409 ceteris
1679 3337 1804 3410 trunci
1822 3343 2026 3428 musculis,
2053 3367 2168 3440 quem

409 3467 623 3568 iusrngulis
647 3467 753 3540 fibris
778 3489 892 3538 nemo
924 3467 1148 3554 admiratur,
1177 3465 1533 3564 cuiusqueoaussam
1561 3463 1909 3566 nemointerrogat.
1962 3469 2169 3556 consensus

282 3676 283 3690 ,
376 3585 379 3592 ’
406 3603 522 3704 igitur
537 3595 662 3670 omnis
680 3595 843 3674 duorum
859 3595 984 3680 trunci
1003 3612 1042 3669 et
1067 3593 1175 3670 faciei
1192 3595 1455 3670 musculorum
1481 3595 1522 3668 in
1537 3588 1733 3670 affectibus
1752 3591 1869 3670 animi
1895 3613 2042 3674 tantum
2060 3595 2168 3702 sigui·

410 3727 577 3802 ficationi
595 3725 740 3823 aequali
756 3723 942 3863 innititur.
1503 3725 1512 3741 ‘

1209 3855 1245 3942 5.
1302 3873 1361 3940 13.
1984 3921 1995 3934 .

391 4047 398 4062 ,
508 3981 680 4056 Vidimus
698 3965 824 4052 eutem
847 3977 1064 4052 animalium
1085 3995 1234 4052 motum
1252 3978 1439 4073 duplicem
1459 3993 1496 4049 et
1517 3973 1581 4050 fibi
1599 3973 1808 4076 oppositam
1828 3979 2072 4056 directionem
2094 4006 2169 4060 ma·

405 4106 618 4200 niseflare,
622 4109 787 4186 alteram
817 4105 1077 4204 expansivam,
1126 4107 1279 4182 alteram
1308 4085 1612 4210 eontraetivam,
1634 4131 1728 4205 quae
1751 4109 1792 4182 in
1818 4111 2033 4206 primordiis
2060 4111 2172 4208 regni
2238 4095 2241 4103 ¹

380 4209 388 4218 ¹
406 4239 599 4328 animalis,
627 4235 787 4334 propriis
808 4237 959 4334 organis
980 4227 1262 4324 deficientibus,
1289 4235 1335 4307 ab
1360 4261 1435 4310 una
1462 4235 1665 4333 eidemque
1683 4235 1790 4342 massa
1809 4239 1939 4310 ambae
1956 4239 2168 4352 producun·
2231 4237 2235 4242 ’

381 4371 477 4442 'tun
529 4335 790 4460 Perspeximus
818 4388 954 4466 porro,
986 4363 1175 4436 musculis
1202 4364 1314 4452 ortis,
1354 4365 1486 4436 ιιιιιιι
1476 4389 1516 4436 ιιι
1542 4333 1732 4437 movendo
1757 4367 1994 4460 polaritatem
2019 4349 2166 4440 duabus

404 4451 666 4568 musculorum
686 4489 753 4563 sibi
777 4489 1036 4588 oppositorum
1063 4485 1234 4564 seriebus
1249 4491 1427 4586 exprimi,
1465 4515 1560 4588 quae
1579 4491 1803 4568 Extensores
1822 4511 1859 4566 et
1875 4496 2050 4567 Flexores
2067 4519 2167 4568 nun·

407 4637 629 4720 carpantur„
658 4617 767 4691 Unde
797 4617 980 4716 sequitur,
1024 4635 1068 4689 ut
1097 4619 1315 4714 praecipuus
1347 4617 1464 4692 adesse
1492 4617 1625 4690 debeat
1648 4620 1846 4694 consensus
1870 4624 1969 4696 inter
1997 4621 2164 4722 singulos

405 4747 603 4823 musculos
625 4746 738 4822 unius
758 4745 860 4844 poli,
889 4745 1070 4844 quoniam
1097 4745 1336 4846 homologiae
1359 4747 1556 4823 vinculum
1573 4766 1705 4822 omnes
1723 4725 1906 4853 continet.
1961 4758 2084 4849 Quum
2103 4771 2167 4881 ιιι-
2201 4752 2205 4761 “
