4672 5706
1141 399 1194 422 ⁴·-
1220 377 1476 456 4⁰8*-
1587 353 1593 358 ⁵

1220 545 1280 641 ⁴5.
1337 575 1371 623 ιι.

519 613 658 753 Caussa
682 692 826 762 autem,
855 699 927 772 qua
934 673 1095 748 sactum
1120 671 1188 763 est,
1225 697 1268 748 ut
1285 700 1417 786 ornnes
1438 675 1665 761 conatuead
1689 673 1984 752 constituendam
2004 675 2181 750 scientiam

353 861 396 905 a.
434 811 622 890 Chemiae
624 798 773 878 frustra
786 795 945 876 instituti
970 801 1061 890 siut,
1113 805 1261 906 occulta
1288 805 1354 878 esse
1382 807 1537 889 minime
1564 805 1731 888 videtum
1774 803 2006 876 fallebantur
2029 806 2126 876 enim
2148 809 2208 885 iu¹

321 949 356 985 Ψ
410 914 601 1058 ἰιιίοιιιῃ
629 956 702 1028 qua
722 931 767 1002 ad
789 929 1022 1024 efficiendam
1043 931 1225 1004 theonam
1244 934 1456 1005 utebantur
1509 939 1608 1007 Νιιιι
1625 956 1742 1047 quum
1763 933 1815 1004 ιιι
1835 950 2000 1030 agerent
2030 949 2074 1003 ut
2091 935 2181 1006 theo

339 1159 346 1173 ,
433 1071 571 1140 riime
586 1059 741 1162 siugulis
769 1043 1082 1154 phaenonienis
1069 1078 1150 1132 tum
1178 1063 1359 1154 temporis
1389 1050 1549 1160 coguitis
1570 1061 1823 1133 formareiam
1841 1055 2054 1146 studerent,
2091 1057 2195 1158 facile
2266 1051 2267 1054 ¹

265 1211 277 1237 ‘
347 1195 351 1208 '
435 1191 501 1268 e'st
511 1191 733 1273 intellectu,
770 1185 1000 1276 subitaneam
1027 1187 1211 1267 theoriam
1238 1187 1382 1307 tamdiu
1402 1187 1642 1260 solummodo
1663 1187 1785 1260 aalma
1805 1183 2002 1284 potuisse,
2021 1187 2183 1301 quamdiu

435 1347 536 1398 nova
552 1340 635 1389 nou
655 1312 766 1394 esseut
782 1335 926 1430 reperta
949 1281 1227 1411 phaenomena,
1266 1283 1403 1411 qriibus
1426 1313 1611 1410 superiora
1631 1301 1893 1398 refutarentur.
1950 1314 2066 1410 Quod
2084 1340 2183 1410 quum

438 1453 483 1524 de
504 1445 595 1519 die
585 1469 626 1516 ιιι
647 1441 769 1544 diem
759 1459 812 1514 ιιι
839 1441 918 1514 fieri
946 1442 1301 1530 animadvertimus,
1348 1459 1391 1512 ut
1418 1441 1464 1514 de
1485 1445 1589 1514 nulla
1609 1433 1679 1514 alia
1697 1443 1909 1514 litterarum
1928 1439 2119 1536 disciplina
2137 1445 2184 1514 ci·

439 1598 586 1652 ceronrs
602 1570 699 1643 rtlud
719 1570 856 1640 rectius
875 1569 949 1642 drot
965 1567 1095 1663 poffit
1120 1569 1223 1654 diem
1242 1570 1315 1640 diei
1336 1590 1551 1642 commenta
1573 1572 1724 1657 delere,
1746 1569 1845 1650 nrhrl
1862 1593 2003 1641 mirum
2022 1568 2183 1664 profecto,

440 1704 643 1784 theoriam,
680 1721 801 1794 quae
794 1713 947 1766 naturae
965 1693 1225 1794 phaenomena
1245 1694 1526 1791 amplectatur,
1548 1699 1594 1772 ad
1613 1701 1686 1772 boc
1705 1718 1831 1794 usque
1840 1715 1993 1794 tempus
2003 1695 2183 1771 defideran

443 1846 490 1910 Ar
517 1853 603 1902 meo
629 1823 779 1919 quidem
807 1821 946 1892 iudicio
978 1824 1127 1892 tandem
1152 1843 1297 1931 reperta
1322 1807 1481 1898 feliciter
1504 1821 1567 1898 est
1579 1827 1649 1897 alia
1677 1826 1773 1898 ratio
1801 1817 1917 1919 priori
1942 1845 2144 1896 accuratior
2155 1848 2182 1900 rt

441 1960 595 2042 certior,
631 1973 727 2048 quae
756 1932 1027 2062 pbaenotnenis
1056 1974 1127 2043 exp
1127 1950 1287 2028 licendis
1316 1967 1352 2024 et
1379 1951 1465 2022 ad
1445 1976 1686 2025 communem
1715 1952 1873 2028 caussam
1893 1949 2093 2040 etfontem
2110 1954 2182 2028 rese·

442 2081 592 2196 tendis
587 2105 606 2152 a
624 2077 834 2182 chemicis,
857 2095 1042 2172 quantum
1067 2099 1138 2174 ego
1152 2077 1309 2172 quidem
1327 2075 1460 2166 sci'am,
1488 2079 1663 2150 nondum
1681 2061 1849 2152 adhibita
1866 2076 1927 2184 est.
1986 2085 2086 2154 Haec
2102 2107 2180 2186 nova

309 2295 313 2302 ,
385 2197 389 2212 ’
426 2214 536 2290 'retro
553 2234 596 2280 eo
616 2205 769 2294 tendit,
795 2219 835 2278 ut
858 2227 1000 2298 priores
1019 2204 1257 2276 conditiones
1275 2223 1313 2276 et
1330 2207 1531 2294 notiones
1568 2207 1707 2304 quibus
1725 2205 1798 2278 hoc
1819 2207 1963 2278 illudve
1983 2209 2190 2300 phaenoma'

223 2385 243 2392 -
360 2383 364 2414 -.
435 2361 534 2420 num
563 2336 725 2420 oriatur,
764 2327 953 2438 tamquam
979 2327 1126 2429 legibus
1151 2329 1369 2422 inserviant,
1384 2336 1587 2430 equibus
1606 2335 1871 2434 phaenomena
1894 2333 2179 2413 uecesl'arioderi·

443 2489 592 2589 ventur.
647 2453 768 2562 Quam
786 2459 1009 2550 methodum
1026 2445 1318 2546 accuratioribus
1338 2485 1406 2560 age
1421 2463 1498 2596 iam
1517 2462 1656 2538 sinibus
1674 2463 1746 2534 suis
1766 2461 2031 2572 describamus.

1255 2591 1319 2682 ι
1355 2611 1390 2676 a

548 2693 769 2814 Priusquam
798 2689 923 2804 autern
953 2711 1190 2786 conditiones
1215 2675 1324 2802 illae,
1364 2715 1501 2812 quibus
1521 2707 1643 2808 rerum
1662 2715 1781 2791 caussa
1799 2697 2059 2832 cognoscitur,
2087 2722 2181 2796 dedita

444 2874 604 2970 operae
622 2845 734 2918 nobis
766 2849 1007 2930 enarrantur,
1043 2834 1280 2916 necessarium
1298 2842 1392 2914 mtlu
1410 2844 1560 2914 videtur
1579 2863 1666 2916 ante
1687 2869 1814 2927 omnia
1828 2857 2067 2938 exponere,
2084 2868 2181 2922 utrum

236 3017 240 3036 .
340 3030 345 3036 .
445 2980 649 3082 proprior
624 2973 650 3046 s
654 2993 668 3042 t
698 2973 1050 3079 phaenomenor'um
1076 2969 1330 3083 chemicorum
1354 2945 1525 3055 indoles,
1567 2997 1660 3068 quae
1686 2995 1752 3068 per
1781 2975 1814 3044 se
1840 2970 2126 3066 illustrandalit,
2148 3001 2180 3048 an

296 3163 300 3170 ,
382 3181 390 3188 ,
446 3114 709 3220 phaenomena
742 3095 907 3170 chemiea
936 3097 1016 3166 aliis
1045 3115 1198 3167 naturae
1217 3096 1381 3171 vitibus
1389 3079 1625 3186 efficiantur,
1653 3088 2180 3198 itautaliuudeexplicaride·

444 3241 580 3324 beant,
625 3253 713 3300 nam
751 3223 778 3298 st
810 3227 899 3296 haec
931 3225 1198 3318 phaenomena
1218 3247 1293 3317 ope
1327 3223 1423 3294 alius
1452 3202 1666 3322 discipliuae
1690 3227 1852 3325 intelligi
1879 3227 2045 3340 possent,
2083 3235 2179 3302 onmis

438 3335 570 3438 noster
579 3357 703 3428 labor
719 3349 869 3452 sruslra
877 3349 1069 3444 susceptus
1096 3351 1198 3439 esset,
1241 3351 1381 3446 quippe
1410 3351 1514 3446 quod
1531 3355 1681 3482 Cheqaia
1712 3373 1793 3426 tum
1820 3379 1899 3427 non
1927 3321 2110 3434 scientia
2102 3359 2178 3431 ruse

449 3489 592 3575 clausa,
621 3483 682 3556 sed
699 3481 779 3555 aliie
801 3495 981 3602 cpntenta
1002 3475 1097 3610 esset.
1855 3503 1860 3508 .
2265 3465 2266 3472 ι

452 3719 457 3728 Ι
549 3749 588 3821 si
608 3735 757 3842 quaest
787 3741 862 3827 vis,
899 3711 995 3836 quae
1016 3664 1298 3832 phaenoiuenis
1318 3707 1555 3832 explicandis
1582 3737 1809 3812 extrinsecus
1835 3739 1953 3815 uideri
1977 3737 2082 3846 possit
2105 3764 2119 3808 a
2124 3737 2179 3808 dlii

421 3875 423 3882 '
447 3881 567 3970 beri,
569 3870 629 3945 est
637 3851 810 3968 profecto
830 3867 1064 3938 attractionis
1082 3866 1212 3936 univer
1215 3863 1346 3936 salis.
1367 3855 1622 3962 Quantumvis
1639 3887 1762 3941 autem
1783 3871 1873 3939 haec
1893 3869 1969 3940 lex
1975 3863 2069 3944 recle
2083 3865 2180 3938 assumi

384 4019 387 4024 '
448 4003 640 4087 uideatur,
681 4015 806 4070 tamen
835 3993 942 4065 aliter
965 3992 1102 4064 habere
1128 3993 1228 4062 hano
1254 3967 1332 4096 rein
1358 3985 1467 4063 sacrle
1485 3991 1727 4068 demonstran
1744 3991 1883 4090 potest
1923 4020 2042 4068 ammo
2060 4015 2180 4086 repeuu

219 4203 222 4214 ,
296 4107 317 4162 '¹
359 4162 362 4168 ·
449 4131 619 4238 prppries
653 4101 834 4222 quasdam
871 4112 1030 4212 virtutes
1066 4091 1416 4220 phaenomenorum
1442 4120 1722 4210 chemicorum,
1769 4147 1866 4218 quae
1889 4123 1955 4192 ab
1967 4123 2031 4194 illa
2056 4117 2180 4192 derirui

447 4273 648 4358 nequeant.
682 4251 849 4386 Qualia
886 4248 972 4323 sunt
996 4247 1086 4318 haec
1113 4247 1210 4332 duo,
1266 4271 1362 4342 quae
1391 4247 1529 4342 ubique
1557 4245 1637 4320 fieri
1666 4249 2014 4336 animadvertimus,
2054 4233 2196 4342 corpora

450 4392 648 4494 coniuncta
677 4347 758 4452 tiliis
784 4373 1103 4452 intercedentibus
1122 4371 1296 4490 perfecte
1321 4371 1433 4448 secari
1451 4392 1486 4446 et
1507 4399 1708 4470 corporum
1727 4379 2015 4508 coniunctiones
2036 4377 2128 4450 certis
2142 4395 2179 4442 ra·

454 4517 623 4590 tionibus
643 4509 716 4583 save
738 4504 1050 4642 proportionibus
1072 4501 1201 4574 fieri.

660 4648 693 4667 „‚
776 4680 854 4719 ιε’·
1251 4638 1301 4714 §-
1366 4647 1468 4738 5·
1818 4707 1821 4712 ,

555 4761 770 4840 Secundum
787 4761 900 4836 enim
924 4759 1048 4857 legem
1074 4748 1310 4832 attractionis
1340 4753 1570 4834 universalis
1586 4773 1741 4912 corpote
1759 4785 1797 4834 tu
1786 4717 2064 4836 multitudinis
2080 4771 2176 4856 agunt

1745 4911 1750 4942 ι
1786 4904 1790 4910 .
