4786 5708
887 539 1034 568 ····
1107 517 1320 600 4⁸5..-

194 781 197 788 ,
267 687 424 788 gistrum
436 737 448 780 ,
474 686 653 784 epistolas
674 709 790 784 quarn
809 635 1056 768 densatim·
1074 694 1233 790 scriptas
1254 689 1510 766 excusationis
1535 707 1574 763 et
1591 689 1696 788 pacis
1716 685 1840 760 caussa
1858 681 2041 782 permisit.

68 815 73 822 ’
205 892 220 904 ,
267 819 382 914 Nunc
409 815 568 890 demum
594 817 665 890 fibi
689 841 771 892 non
798 821 1195 918 cum‘Pipericorno,
1241 821 1600 925 quoistitanquam
1618 815 1797 892 machina
1817 813 2042 902 utebantur,

265 941 331 1016 sed
351 955 440 1017 cum
459 941 751 1038 ipsiseminibus
772 946 1071 1024 coloniensibus
1086 949 1209 1022 totius
1227 947 1354 1027 reida
1378 947 1532 1022 Iudaeis
1558 945 1684 1045 geilae
1708 940 1931 1016 auctoribus
1958 923 2043 1010 r'em

267 1069 343 1140 else
363 1068 570 1142 intellexit.
621 1071 728 1144 Nam·
741 1073 994 1151 Coloniensea
1011 1051 1214 1174 theologi,
1247 1073 1620 1156 cumReuchlinurn
1638 1077 1987 1168 pacem‘petentem
2004 1079 2049 1138 ,et

188 1306 193 1316 ἱ
265 1193 441 1270 [ubmisse
465 1195 734 1270 obsecrantem
753 1197 953 1294 viderent,
981 1226 1029 1274 eo
1046 1201 1392 1306 magisinsolentia
1417 1169 1659 1295 acfnperbia
1686 1197 1778 1270 elati
1800 1219 1880 1268 non
1904 1187 2046 1292 linguli

232 1357 236 1366 ·
264 1320 329 1392 led
349 1322 480 1398 cuncti
496 1321 713 1418 iniquiores
731 1325 910 1400 ferebam
929 1327 1189 1402 conditiones.
1243 1327 1535 1427 obiurgabant,
1564 1325 1669 1420 quod
1685 1340 1813 1396 totum
1838 1321 2045 1419 negotium

266 1471 287 1520 a
305 1447 558 1544 Pipericorno
574 1449 741 1524 feliciter
755 1435 984 1526 inchoatum
1001 1455 1266 1547 Reuchlinus,
1292 1455 1441 1528 mitiori
1459 1453 1648 1528 sententia
1666 1449 1773 1542 data,
1802 1445 2043 1524 cohibuisset.

232 1599 238 1606 ·
267 1591 307 1646 et
323 1575 509 1650 acerrime
527 1577 715 1672 petebant
741 1593 787 1652 ut
803 1579 948 1655 librum
964 1581 1099 1674 suum,
1125 1583 1325 1677 speculum
1346 1579 1525 1672 oculare,
1550 1553 1677 1675 palam
1697 1591 1921 1663 revocatum
1943 1573 2042 1645 dele·

201 1729 205 1746 ·
266 1703 301 1774 ri
318 1701 483 1777 iuberet·
524 1700 686 1797 'capeio
705 1705 834 1778 noster
854 1695 1253 1802 semper-reverentia¹
1275 1707 1464 1802 quadam,
1491 1731 1568 1801 qna
1589 1695 2042 1794 tuncinrnonachorum

200 1815 203 1822 ¹
266 1827 421 1902 ordines
440 1827 503 1924 agi
519 1819 679 1921 loleb'at,
706 1813 908 1926 permotus
932 1834 1049 1904 etiam
1067 1821 1173 1907 nunc
1192 1835 1441 1906 moderatum
1454 1834 1492 1904 le
1509 1847 1550 1904 et
1564 1823 1653 1904 fane
1670 1833 1788 1928 paulo
1806 1809 2043 1906 timidiorem

257 1955 396 2056 gerit„
427 1955 579 2030 lterum
602 1955 810 2050 respondet
827 1969 1043 2054 eorumque
1071 1962 1220 2034 animos
1238 1983 1378 2056 pacare
1402 1941 1539 2032 studet.
1579 1961 1641 2032 'At
1665 1959 1732 2030 -illi
1758 1979 1894 2052 pacem
1919 1954 2044 2026 detre·
2114 1965 2120 1971 '

266 2097 415 2159 cuntes
441 2080 482 2150 in
511 2081 635 2174 priori
659 2083 849 2156 sententia
873 2103 1118 2178 permanent.
1157 2061 1263 2158 ¹lam
1289 2074 1381 2162 vero
1405 2107 1512 2156 nunc
1541 2085 1853 2174 coloniensium,
1885 2103 1965 2176 qua
1988 2078 2046 2150 isti

266 2207 496 2282 sententiam
514 2205 561 2276 de
579 2206 815 2282 Iudaeorum
833 2210 965 2302 libris,
995 2235 1109 2308 quarn
1126 2213 1363 2285 haereticam
1382 2211 1718 2304 vociferabantur,
1746 2234 1767 2282 a
1786 2211 1824 2282 le
1843 2205 2044 2280 retractari

183 2402 189 2415 ,
267 2328 408 2408 iterum
432 2333 656 2428 iterumque
679 2315 931 2436 flagitabant,
957 2333 1218 2437 arrogantiam
1247 2355 1286 2410 et
1307 2339 1591 2412 contumaciam
1610 2337 1756 2410 diutins
1774 2317 1941 2434 tolerapia
1961 2353 2043 2404 non

196 2565 201 2570 .
266 2476 434 2560 potarat.
488 2441 750 2555 Quamobrem
789 2462 838 2536 ad
875 2486 943 2536 eos
981 2465 1249 2560 epistolarum,
1285 2483 1379 2562 quaa
1410 2466 1553 2536 multas
1580 2453 1743 2537 antehac
1766 2451 2046 2536 reconciliandi

268 2585 391 2664 caussa
408 2585 630 2682 scripserat,
656 2587 833 2662 ultimam
853 2589 961 2662 dedit
975 2591 1070 2664 lorti
1087 2573 1216 2664 animo
1236 2591 1390 2685 dicens,
1415 2594 1453 2664 sa
1474 2592 1522 2666 tle
1539 2594 1604 2664 lna
1622 2615 1713 2664 vere
1727 2587 1917 2662 sententia
1933 2585 2042 2658 nullo

235 2729 381 2824 „pacto
408 2711 482 2784 elle
510 2713 771 2805 decessurum,
811 2732 1066 2810 carerentce,
1099 2741 1150 2790 ne
1174 2717 1345 2792 historici
1360 2699 1502 2814 poetae
1520 2743 1565 2792 ac
1581 2719 1731 2792 nobiles
1751 2713 1988 2810 coniunctim
2005 2711 2042 2784 le
2094 2689 2099 2697 ⁸

265 2833 560 2940 praeceptorem
588 2839 864 2923 amatiflimum
883 2863 1003 2914 manu
1032 2841 1288 2924 defenderent
1315 2847 1375 2938 (Αζ
1406 2850 1531 2940 1512).
1586 2845 1794 2918 Confestim
1817 2843 1978 2916 latinam
1996 2839 2043 2910 il·

265 2971 343 3042 lam
365 2945 688 3057 declarationem,
717 2991 832 3062 quam
859 2969 901 3040 in
922 2970 1090 3063 speculo·
1105 2971 1253 3059 oculari
1274 2971 1563 3044 Colonienfium
1592 2971 1726 3052 caussa,
1742 2969 1962 3058 addiderat,
1998 2952 2049 3036 in‘

265 3093 514 3184 vernaculam
538 3093 786 3185 translatam,
821 3108 867 3164 nt
879 3096 1032 3194 'vulgus
1052 3117 1212 3190 quoqne
1229 3103 1518 3197 cognosceret,'
1532 3099 1574 3170 in
1593 3089 1837 3172 Francoiu'rti
1853 3093 2041 3168 nundinis

266 3191 441 3299 vendidit
457 3234 497 3290 ot
518 3220 663 3314 ubique
683 3219 908 3319 divulgavit,
960 3222 1113 3294 Abhinc
1137 3223 1341 3296 furibundi
1366 3225 1426 3295 illi
1444 3227 1603 3298 vocibus
1625 3225 1885 3320 increpitant,
1911 3221 2042 3295 convi-

253 3352 326 3426 cia
342 3351 470 3446 palam
488 3347 658 3438 faciunt,
684 3347 948 3420 Reuchlinum
966 3349 1134 3443 probum
1162 3351 1289 3422 virum
1309 3375 1425 3446 quarn
1448 3353 1650 3426 vaferrime
1671 3319 1976 3440 calumniantur,
2002 3363 2044 3421 et
2145 3443 2150 3450 .

268 3471 603 3554 onmemsnodum
623 3493 839 3546 aemorum
861 3473 959 3548 fines
984 3475 1188 3546 excedunt.
1242 3479 1380 3548 Petrus
1400 3481 1540 3578 Meyer
1557 3479 1709 3551 sceleris
1730 3447 1899 3568 conhrs,
1925 3475 2043 3546 etiam

267 3606 397 3701 postea
415 3599 658 3672 Francmmti
677 3599 718 3687 in
737 3553 1321 3683 raLntherana'latisiamosus.
1349 3605 1526 3678 electoris
1543 3603 1772 3702 Mogontini
1793 3601 2043 3676 interdictum

266 3730 402 3804 fraude
420 3725 623 3818 simulans,
636 3726 759 3798 ¹illurn
780 3729 990 3822 Capnionis
1008 3729 1151 3803 librum
1170 3727 1287 3800 vendi
1303 3731 1440 3802 uetuit.
1495 3731 1609 3826 Quod
1627 3713 1877 3802 interdictum
1899 3729 2045 3798 elector

137 3849 138 3857 ἵ
267 3857 552 3954 Moguntinus,
581 3851 649 3924 nbi
675 3827 848 3945 rescivit,
873 3855 980 3929 illico
996 3853 1123 3947 tollit,
1149 3870 1191 3928 et
1208 3853 1279 3954 fic,
1306 3873 1353 3927 ut
1371 3873 1567 3952 emptores
1584 3857 1871 3952 frequentiores
1889 3853 2044 3926 advola·
2100 3883 2108 3892 ·

266 4000 375 4073 rent,
403 3981 552 4076 optime
576 3979 708 4092 eflicit.
760 3981 817 4054 Ad
844 3981 940 4054 haec
969 3984 1085 4056 etiam
1106 3985 1386 4084 Pipericornns
1411 3985 1623 4090 profanus,
1653 3984 1874 4088 cathedram
1900 3983 2041 4066 sacram
2144 4005 2146 4010 ¹
2208 3993 2211 3998 '

267 4109 523 4198 adscendens,
550 4109 720 4201 ‚impune
737 4107 793 4180 ,in
819 4109 1061 4204 capnionern
1088 4111 1261 4186 nostrum
1291 4109 1477 4184 conviciis
1512 4111 1839 4204 contumeliisque
1866 4107 2042 4182 omniurn

268 4241 401 4316 odium
420 4251 537 4328 atque
554 4235 651 4318 iram
682 4257 928 4308 commovere
947 4235 1122 4310 enititur.
1174 4225 1360 4332 tpfilvero
1382 4237 1652 4335 colonienses,
1677 4237 1850 4310 Arnoldo
1870 4248 2043 4324 auctore,

198 4389 202 4396 ⁴
265 4367 396 4450 xnus
419 4363 602 4436 articulos
631 4385 813 4477 „errosz
840 4362 1074 4436 Iudaeorum
1099 4375 1137 4436 et
1156 4359 1341 4436 articulos
1360 4363 1407 4434 de
1432 4363 1591 4451 Iudaico
1617 4366 1750 4450 lavore
1775 4363 1889 4434 nimis
1916 4361 2041 4456 lulpe·

270 4499 402 4582 ctoa,‘‚‘
427 4491 630 4588 inquibus
655 4489 781 4564 futilia
800 4489 1052 4584 Pipericorni‘
1067 4507 1362 4586 argumentcet
1387 4483 1588 4565 mendacia
1615 4471 1829 4586 iterantur,
1854 4489 1896 4562 in
1918 4485 2045 4583 putri·

270 4620 561 4698 cnm-amittunt
587 4621 645 4710 (A.
666 4637 763 4706 151⁹
790 4603 1009 4711 autumno).
1073 4615 1135 4690 Sic
1153 4615 1398 4722 Reuuhlinus
1412 4617 1551 4693 noster
1577 4617 1624 4690 de
1641 4635 1736 4714 pace
1765 4619 1968 4712 desperans
1989 4615 2041 4686 ⁴li·

208 4773 226 4843 j
267 4745 698 4838 brum=„delenftonem
727 4757 860 4818 contra
887 4743 1197 4816 calumniatores
1215 4744 1492 4816 Calontenses
1519 4747 1745 4840 inscriptum
1773 4745 1874 4836 edit,
1910 4758 1949 4816 et
1972 4727 2042 4838 ipli

268 4871 491 4970 imperatori
511 4873 779 4950 Maximiliano
807 4869 959 4946 dedicat
986 4873 1210 4966 (bafia).
1263 4871 1351 4946 Hoc
1379 4873 1592 4967 inscripto
1609 4849 1821 4972 diligenter
1842 4872 2039 4945 elaborato
