4788 5702
973 456 1157 503 -..····
1235 425 1311 514 364
1388 454 1442 485 -ι

405 595 479 688 stae
494 607 678 708 scapulari
704 580 925 704 (clericulae
944 607 1183 707 etscepulae)
1212 609 1418 690 admodum
1439 633 1526 708 pree
1550 610 1680 686 ceteris
1701 625 1834 694 auctae
1848 607 2062 712 affigentur.
2102 619 2204 688 nr·

404 765 454 840 go
473 741 573 814 idem
590 733 738 812 interest
759 737 960 812 discrimen
990 740 1089 812 inter
1105 743 1338 814 Pectorelem
1372 758 1408 814 et
1437 735 1718 829 Intercostnles,
1757 740 1861 838 qood
1877 741 1925 812 in
1948 743 2201 818 lecatoribus

406 861 590 940 costarum
614 865 742 963 longis
771 881 808 938 et
834 865 1012 948 brevibus
1038 869 1232 954 videmus,
1267 869 1372 966 quod
1400 893 1515 964 porro
1539 870 1578 942 in
1600 870 1732 944 multis
1752 869 1834 944 aliis
1851 869 2063 966 conspicere
2081 873 2201 944 licet.

405 997 578 1070 Musculi
596 1020 640 1068 eo
660 983 928 1072 tantummodo
958 995 1153 1071 liberiores
1172 1015 1209 1070 et
1226 997 1472 1094 perfectiores
1489 993 1720 1087 redduntur,
1749 1015 1792 1070 ut
1809 995 1867 1089 lili
1885 995 2201 1072 lntercosteliurn

406 1121 570 1220 spatium
589 1120 823 1198 intercostale
841 1125 903 1198 seu
919 1123 1145 1225 singularem
1163 1128 1334 1223 corporis
1355 1125 1558 1204 articulum
1584 1126 1668 1224 (qui
1686 1121 1781 1198 costi
1799 1142 1838 1198 et
1856 1125 2027 1200 vertebrit
2046 1125 2201 1226 indigi·
2216 1147 2232 1172 ²

406 1257 524 1344 tatur)
554 1248 799 1326 transilientes
827 1253 875 1360 ed
895 1253 1013 1326 elium
1039 1257 1284 1328 remotiorem
1312 1253 1491 1342 tendent,
1530 1255 1766 1352 maioresque
1793 1251 1971 1341 evadent,
2005 1254 2112 1326 unde
2134 1253 2200 1340 fit,

405 1395 451 1450 ut
472 1377 522 1451 ob
542 1379 785 1478 exiguitatem
803 1378 1100 1454 Intercostnlium
1118 1399 1285 1458 materne
1301 1381 1466 1480 dignitas
1482 1398 1521 1452 et
1537 1381 1708 1454 evolutio
1728 1381 1900 1454 omnium
1920 1377 2200 1454 musculorum

408 1531 456 1578 ex
475 1509 533 1578 his
555 1531 634 1580 non
654 1509 750 1581 clare
768 1511 931 1606 emplius
945 1489 1137 1606 'appareat
1190 1515 1294 1584 Bene
1317 1485 1446 1585 nutem
1461 1507 1603 1582 videtis
1628 1507 1675 1581 sd
1694 1481 1951 1582 tnrercofiitcs
1967 1507 2200 1584 referendos

410 1619 562 1732 quoque
587 1635 653 1706 elle
669 1634 962 1732 Interspinolos,
998 1631 1406 1728 Intertransverserios‚
1435 1639 1500 1733 qui
1521 1636 1624 1710 idem
1642 1638 1771 1712 velent
1789 1637 1831 1708 in
1851 1637 1977 1726 dorso,
2005 1637 2113 1734 quod
2134 1643 2203 1708 In·

412 1745 625 1858 tercosteles
658 1766 804 1892 proprie
829 1761 877 1836 lic
902 1765 1030 1838 dieti·
1019 1789 1060 1838 ιιι
1081 1761 1270 1840 entetbsre
1295 1767 1462 1863 corporis
1491 1781 1606 1862 perte.
1658 1764 1973 1837 Articuletionem
1991 1763 2200 1840 vermifor·

412 1913 514 1992 ment
534 1890 715 1984 corporis
734 1883 835 1966 enim
855 1893 1025 1968 iudicent
1050 1911 1089 1970 et
1108 1919 1154 1970 eo
1173 1893 1383 2024 nobiliores
1408 1891 1526 1994 liunt,
1565 1909 1610 1966 ut
1627 1893 1755 1988 plures
1774 1893 1956 1968 articulos
1974 1893 2201 1978 mansilium
2270 1886 2274 1892 ’

394 1985 785 2114 etcomplectentur.
873 2118 880 2133 ,

518 2155 531 2170 “
1232 2152 1267 2240 ι·
1330 2165 1368 2241 4·

518 2277 649 2370 Itaque
666 2295 732 2366 per
747 2271 960 2362 Pectoreles
985 2293 1022 2348 et
1043 2277 1221 2372 Spinatos
1241 2295 1311 2350 etc.
1339 2278 1519 2350 Flexores
1548 2291 1587 2348 et
1601 2273 1824 2349 Extensores
1852 2236 2055 2370 {inpetierit
2072 2292 2200 2347 extre-

419 2375 572 2474 mittitis
565 2399 856 2488 nascebantur,
895 2403 1035 2500 quod-⁰
1024 2429 1063 2476 ιιι
1090 2403 1258 2498 piscibus
1285 2400 1478 2476 clenffime
1499 2421 1661 2498 apparet
1714 2404 1752 2476 St
1768 2402 1932 2496 duplicia
1950 2397 2047 2474 offe
2037 2425 2079 2472 ιιι
2093 2403 2201 2474 unti-

418 2529 573 2600 brochio
593 2527 844 2614 evolvuntur,
868 2530 1025 2602 alterum
1056 2525 1227 2626 profecto
1246 2531 1292 2604 ed
1317 2531 1488 2620 dorsum,
1527 2532 1687 2604 alterum
1708 2529 1756 2602 ed
1785 2546 1954 2628 ventrem
1973 2529 2198 2626 pertinebit,

412 2640 516 2752 illud
535 2657 694 2728 humero
713 2653 909 2753 affigetur,
937 2655 1002 2728 ubi
1020 2659 1215 2754 praecipue
1231 2657 1457 2732 Extcnsores
1475 2623 1698 2746 adhaerent]
1728 2679 1817 2756 ergo
1830 2656 1883 2728 ad
1901 2657 2116 2749 condylum
2131 2681 2198 2730 ex·

421 2801 593 2874 ternum,
611 2787 693 2874 ¹hoc
720 2799 850 2858 contre
877 2785 1042 2890 condylo
1067 2785 1226 2860 flexerio
1258 2785 1532 2862 admovebitur.
1589 2789 1640 2860 Os
1664 2783 2013 2858 leterisextenlorii
2030 2767 2198 2858 andhru-

325 2949 339 2970 ι·
422 2889 663 3002 obtimates,
686 2911 847 3018 ‘flexurii
876 2915 963 2986 ulna
987 2933 1155 2987 vocatur.
1219 2915 1257 2988 si
1281 2915 1461 3012 procerh's-
1480 2914 1526 2986 ed
1546 2929 1720 3002 menum,
1748 2911 1876 3012 radius
1895 2911 2198 2988 dorsalis'conti·

421 3057 561 3112 noctur
579 3057 617 3112 et
632 3040 908 3139 multiplicetur
925 3041 966 3114 in
985 3039 1157 3132 tertium,
1184 3013 1389 3118 secundum
1416 3043 1574 3139 digitum
1588 3059 1632 3114 et
1650 3042 1850 3136 pollicem,
1877 3057 2013 3134 contre
2025 3055 2197 3136 pectore·

422 3169 469 3242 lis
489 3170 579 3246 ιιιιιιι
596 3169 777 3264 repetitur
796 3193 861 3264 per
881 3187 1055 3266 quartum
1074 3189 1112 3244 et
1127 3171 1317 3268 quintum.
1367 3167 1658 3254 Antibrechium
1683 3187 1719 3240 et
1746 3193 1881 3241 manus
1900 3187 2027 3242 autent
2047 3187 2196 3262 praeter
2255 3184 2262 3191 '

212 3386 221 3394 ³
308 3285 309 3290 ἵ
423 3299 601 3370 Flexores
625 3315 661 3368 et
675 3295 900 3370 Extensores
929 3303 1153 3373 Pronatores
1173 3315 1220 3372 et
1236 3299 1479 3414 supinetores
1497 3315 1618 3394 etque
1635 3295 1869 3368 Adductores
1894 3313 1934 3368 et-
1955 3293 2195 3370 Abductores

329 3461 333 3469 ·
358 3501 369 3516 ιγ
424 3426 584 3512 hebent,
612 3447 774 3520 quorum
791 3429 1015 3499 Pronatores
1042 3443 1081 3498 et
1099 3406 1333 3500 Adductoree
1358 3425 1533 3498 flexionis
1554 3423 1876 3498 modificationem
1900 3419 2180 3502 constituere
2144 3448 2198 3494 vr·

415 3524 580 3642 dentur,
609 3575 695 3624 cum
715 3569 844 3626 contra
862 3555 1104 3647 Supinetores
1124 3572 1163 3626 et
1188 3553 1425 3628 Abductoree
1455 3553 1660 3652 digitorum
1685 3549 1943 3627 extensionem
1959 3567 2131 3646 repetent
2148 3549 2197 3622 sc·

427 3681 595 3755 cundum
614 3677 744 3755 ollium
764 3678 926 3755 formem
946 3699 983 3760 et
1000 3681 1252 3784 mobilitatem
1270 3701 1466 3756 mutatam.

1241 3811 1276 3898 i·
1342 3830 1411 3914 e„
1464 3798 1468 3808 ’
1514 3874 1519 3882 .

527 3931 708 4004 Flexores
742 3949 867 4005 eutem
893 3932 1151 4008 cohaeficnem
1175 3951 1388 4032 repetentes
1415 3931 1541 4002 minus
1560 3927 1711 4015 nobiles
1733 3927 1897 4000 habendi
1915 3925 2194 4014 Extensoribus,

426 4081 546 4157 quum
567 4060 878 4142 contractioiem
900 4086 948 4148 ex
972 4061 1053 4134 ideo
1080 4063 1205 4136 omnis
1225 4055 1570 4156 metamorphoseos
1588 4058 1697 4153 ‚prius
1727 4053 1877 4130 existere
1898 4055 2054 4144 debeat,
2081 4079 2194 4160 quern

428 4163 625 4283 aripenno,
654 4189 833 4286 quonism
856 4189 1128 4288 unitatimcgis
1152 4191 1432 4287 appropinquet
1453 4181 1771 4284 quemexpanfio
1825 4181 1917 4258 Inde
1940 4183 2004 4271 fit,
2016 4201 2076 4256 ut
2094 4185 2193 4256 latus

427 4313 657 4390 extenlionss
678 4315 740 4388 seu
757 4316 901 4390 dorsale
918 4319 1195 4391 estrenntetum
1212 4343 1345 4390 ιιιιιιοιι
1334 4317 1543 4388 libertate
1562 4315 1740 4414 gaudeat
1768 4313 1882 4385 letere
1903 4311 2071 4384 flexorto
2126 4315 2196 4384 Ru·

428 4441 512 4515 dius
537 4442 627 4515 inde
654 4440 731 4514 line
758 4445 878 4518 dubio
903 4446 1072 4518 nobrlror
1093 4445 1288 4520 habendus
1321 4425 1431 4533 ulnis,
1469 4463 1666 4540 erpone,
1702 4441 1798 4514 [iad
1826 4441 1964 4540 digitos
1990 4437 2192 4525 descendis,
2244 4443 2248 4448 “

427 4565 589 4651 dorsales
615 4569 724 4668 digiti
750 4570 913 4669 (tertius
928 4597 1017 4646 cum
1043 4545 1166 4644 indice
1192 4591 1231 4644 et
1249 4575 1406 4670 pollice)
1433 4569 1602 4646 ennodio
1628 4588 1826 4644 nascentes
1854 4569 1976 4642 multo
2000 4594 2093 4662 per
2068 4565 2195 4640 fectio-

423 4713 487 4767 res
508 4695 554 4766 ab
573 4698 874 4816 omniqucque
857 4718 1033 4772 enatomo
1054 4699 1300 4773 habebuntur
1314 4723 1425 4797 quern
1447 4716 1602 4796 quartus
1623 4715 1661 4768 et
1681 4697 1855 4792 quintus.
1897 4697 1994 4768 Inde
2014 4691 2192 4789 porrose.

430 4823 589 4922 quitur,¹
600 4843 643 4898 ut
660 4827 781 4921 prime
798 4828 981 4926 cuiusque
1001 4828 1213 4928 Organismi
1228 4845 1348 4904 aetate
1362 4827 1504 4902 flexio
1495 4850 1535 4900 m
1554 4821 1708 4901 univers
1705 4849 1769 4901 ιιιιι
1787 4835 1874 5004 pree
1891 4815 2215 4902 oximensem..
