4786 5708
1013 577 1017 594 ,
1082 497 1134 522 ·-
1213 465 1288 555 ιιι
1368 494 1422 524 -·

281 639 288 648 ⁸
370 655 460 724 diris
484 669 521 722 et
541 577 1092 740 conviciisiplrtrnLutlterum
1108 651 1297 745 superat,
1307 649 1345 724 id
1370 649 1474 745 quod
1492 647 1632 748 singuli
1650 651 1735 724 eius
1756 641 1867 722 amicr
1858 641 1996 722 'valde
2015 663 2142 747 repre

372 783 605 854 tendebant.
624 773 761 868 Quid
791 776 944 868 posthac
963 799 984 846 a
1003 777 1272 851 Maximiliouo
1300 794 1353 849 et
1364 779 1410 848 ab
1432 778 1588 887 amicis,
1617 801 1785 891 ιιιιοιιιιιι
1812 780 1951 850 auxilia
1971 781 2142 874 petebat,

371 917 514 982 factum
545 906 589 974 srt
613 905 712 973 infra
733 903 970 999 videbimus.¹
1024 900 1274 976 Colonienses
1308 917 1438 978 autem
1465 917 1573 974 tauta
1599 905 1851 999 Capnionis,
1872 929 1945 1000 qua
1972 907 2154 1000 ipsorum.

368 1041 596 1150 pravitatem
617 1031 812 1125 aperibat,
842 1031 959 1100 animi
980 1029 1211 1114 fortitudine
1232 1031 1486 1126 obstupefacti
1501 1023 1625 1102 totam
1644 1055 1728 1103 rem
1751 1033 1967 1130 deprimere
1985 1033 2166 1104 votuitter

287 1188 318 1276 ἰ
369 1167 559 1238 ridentur.
614 1159 689 1229 Sed
717 1157 841 1270 subito
871 1155 1278 1228 uliusColonienlium
1305 1147 1643 1230 dominicanorum
1668 1157 1941 1252 nequissimus,
1978 1145 2148 1230 haereti·

369 1309 501 1368 corum
521 1287 698 1384 magister
716 1302 899 1374 vocatus
924 1283 1165 1378 inquisitor
1154 1300 1404 1384 importunus
1433 1301 1551 1380 caput
1572 1285 1697 1375 tollrt,
1724 1283 1906 1387 rdemque
1925 1310 2051 1376 nunc,
2078 1271 2177 1378 quiv
2295 1375 2302 1388 ι

292 1415 299 1432 ’
367 1429 573 1526 hucusque
591 1437 660 1508 per
686 1411 836 1491 infidias
860 1413 1019 1510 agebat,
1054 1405 1224 1517 palam
1206 1412 1243 1482 vi
1269 1413 1336 1482 sua
1361 1411 1516 1506 publica
1541 1395 1730 1552 procp'dlt.
1784 1415 1906 1484 Lecto
1935 1414 2143 1509 Capnionia

265 1567 288 1657 ι’
369 1553 543 1644 scripto,
563 1541 774 1620 calumnios
774 1537 989 1639 eexcerpit
1006 1537 1128 1630 dicta,
1156 1553 1196 1610 et
1220 1551 1301 1610 arte
1325 1536 1530 1634 depravat,
1559 1553 1620 1629 et,
1635 1517 1750 1610 edita
1772 1539 1892 1610 atroci
1911 1540 2145 1612 criminatio·

371 1701 441 1767 ue,
470 1673 620 1746 accusat
644 1669 911 1761 Capuionem
905 1663 1122 1739 haereseos.
1176 1664 1327 1759 Quibus
1355 1665 1565 1756 consectis,
1591 1665 1841 1764 Moguntiam
1864 1687 1951 1736 cum
1969 1655 2147 1738 Domini·

371 1811 564 1880 canorum·
585 1811 735 1872 caterva
765 1790 988 1886 profectus,
1016 1787 1279 1860 Reuchlinum
1308 1806 1470 1884 propter
1498 1816 1578 1862 rem
1605 1815 1685 1863 non
1706 1793 1939 1864 haereticam
1966 1791 2044 1876 fine
2066 1791 2143 1860 ullo
2211 1841 2220 1854 .

350 1940 456 2004 'iura
476 1931 516 1996 irt
534 1945 617 2000 eam
639 1919 795 2008 urbem,
824 1939 923 2016 quae
938 1931 1047 1986 extra
1067 1915 1151 1984 eius
1170 1915 1298 1987 forum
1322 1933 1425 2005 erat,
1453 1917 1498 1987 ad
1519 1916 1706 1988 iudicium
1725 1919 1839 2008 citat,
1871 1921 1973 2014 quod
1997 1935 2145 2006 vocant,

368 2043 1047 2160 inquisitoriumm.1515.fiept..)
1103 2047 1284 2112 Attamen
1301 2043 1566 2132 lleuchlinus,
1605 2067 1692 2115 cum
1721 2047 1762 2148 in
1791 2045 1934 2118 iucire
1965 2045 2144 2146 negallet,

281 2199 283 2206 '
328 2229 336 2240 ι
371 2188 490 2259 alium
521 2165 713 2273 quendam
743 2153 1056 2263 procuratorem,
1103 2169 1169 2262 qui
1205 2169 1309 2239 hunc
1341 2169 1613 2242 Hochstratum
1637 2171 1808 2244 iudicem
1837 2173 2065 2268 repelleret,
2100 2195 2146 2242 ex

322 2297 326 2306 ,
360 2306 648 2410 Stutgardia
608 2298 720 2378 milit.
775 2292 1028 2372 ilochstratus
1056 2295 1172 2366 iudex
1193 2295 1303 2400 simul
1329 2297 1505 2368 libellum
1528 2297 1866 2388 accusatorium,
1855 2323 1896 2370 ιιι
1917 2323 1994 2394 quo
2013 2300 2145 2370 haere-

372 2445 428 2514 les
451 2427 662 2530 Capnionis
685 2421 1034 2511 enumerabuntur,
1066 2421 1174 2492 sociis
1205 2424 1278 2492 luis
1308 2423 1499 2493 iudicibus
1528 2425 1687 2496 delectis
1709 2428 1907 2520 proponit.
1961 2429 2146 2500 Procura·
2236 2427 2243 2434 ’

370 2587 434 2640 tor
451 2557 663 2656 Cupnionis
696 2554 735 2624 in
758 2547 946 2620 iudicium
974 2535 1054 2618 non
1081 2550 1299 2646 legitimum
1329 2564 1535 2619 venturum
1561 2547 1599 2620 se
1622 2566 1751 2650 negat.
1806 2553 2064 2628 Nihiloseciue
2093 2555 2146 2626 ια’-

223 2673 227 2690 ’
331 2663 347 2776 ⁵,
375 2717 467 2770 men
485 2686 677 2761 iudicibus
698 2703 743 2750 ex
763 2675 1109 2751 Dominicanorum
1139 2677 1275 2747 ordine
1304 2677 1602 2768 (commissariis)
1630 2675 1790 2750 delectis
1809 2681 1976 2774 placuit,
2004 2697 2049 2753 ut
2066 2683 2147 2778 spe-

377 2800 512 2952 culum
536 2813 693 2887 oculare
717 2804 844 2903 palam
860 2805 903 2891 in
921 2803 1008 2874 soro
1030 2805 1358 2893 combureretur,
1374 2821 1413 2878 et
1436 2803 1569 2874 omnia
1582 2803 1699 2876 huius
1720 2805 1809 2878 libri
1830 2809 2062 2904 exemplaria
2079 2811 2145 2880 sub

227 3031 228 3038 ἵ
375 2937 501 3045 poena
529 2941 634 3042 gravi
663 2935 835 3027 undique
862 2931 1175 3032 colligerentur.
1214 2917 1379 3004 Interim
1398 2929 1648 3003 Hochstratus
1680 2933 1727 3004 de
1752 2935 1930 3033 suggestu
1956 2923 2113 3010 sacro”
2087 2961 2150 3028 na,

293 3049 296 3054 Ι
376 3079 443 3179 qui
467 3067 714 3145 condemnati
737 3061 842 3138 illius
862 3061 952 3131 libri
977 3059 1237 3131 combustioni
1261 3057 1454 3148 adessent,
1491 3053 1789 3156 indulgentias
1778 3085 1820 3132 ιιι
1843 3077 2055 3138 trecentos
2066 3063 2147 3136 dies

371 3198 586 3302 praedicari
602 3195 722 3266 iubet
770 3191 860 3282 Qua
885 3187 933 3257 de
954 3188 1135 3258 effrenata
1167 3187 1324 3256 licentia
1350 3186 1525 3256 omnium
1551 3185 1670 3256 animi
1688 3186 1878 3285 indignati
1895 3189 2013 3261 sunt
2003 3207 2076 3283 tta,
2105 3181 2169 3263 ut'

372 3321 516 3426 ip'tunr,
546 3319 651 3417 quod
674 3333 832 3402 vocant,
871 3313 1093 3411 Capitulum
1114 3311 1302 3384 ecclesiae
1332 3311 1561 3384 cathedralia
1585 3311 1871 3412 Moguntinum
1899 3317 2071 3390 caussam
2087 3327 2148 3417 ιἰι·

372 3479 450 3532 tam
470 3443 711 3548 infringeret.
768 3443 922 3516 Etenim
942 3439 1012 3509 viri
1031 3439 1168 3510 summi
1193 3461 1240 3510 ex
1258 3441 1439 3542 Capitulo
1457 3439 1720 3536 Moguntino,
1748 3441 1795 3511 ab
1811 3441 2041 3518 Hochttrato
2064 3471 2146 3524 mo·

373 3609 455 3658 ram
472 3575 608 3654 iudicii
628 3573 789 3644 extremi
814 3581 1013 3664 petentes,
1042 3567 1444 3662 ipsuntllauchlinum
1471 3565 1550 3636 litis
1576 3566 1869 3676 componendae
1889 3552 2013 3645 caulla
2030 3575 2082 3647 'ad
2110 3577 2150 3648 se

374 3711 550 3804 invitant.
579 3699 847 3772 lleuchlinus
868 3718 888 3766 a
908 3692 1089 3798 Capitulo
1116 3691 1337 3764 advocatus
1353 3693 1526 3786 obsequii
1547 3691 1672 3764 caussa
1702 3709 1741 3766 et
1760 3677 2150 3790 praeterHochllrati
2238 3687 2241 3692 ⁵

371 3825 787 3950 opinionemadvenit.
843 3821 1025 3918 Quicum
1053 3813 1099 3888 tle
1123 3817 1387 3890 comburendo
1409 3819 1595 3892 luolibro
1616 3819 1790 3914 audiret,
1816 3827 2148 3904 etHochstratum

375 3968 492 4040 etiam
508 3979 614 4064 nupc
632 3955 673 4024 in
691 3949 880 4022 sententia
903 3961 1051 4018 temere
1075 3945 1385 4040 perseverantem
1412 3945 1584 4037 rideret,
1612 3945 1658 4018 ad
1678 3936 1825 4022 curiam
1843 3974 2042 4028 romanam
2059 3981 2149 4056 pro-

279 4177 282 4182 ·
372 4105 496 4167 vocat.
560 4079 801 4184 capitulares
831 4089 961 4144 autem
991 4069 1084 4162 viri,
1111 4071 1432 4144 reconciliatione
1460 4073 1597 4145 frustra
1625 4068 1823 4168 affectata,
1865 4081 2075 4182 evestigio
2100 4087 2150 4158 ad

270 4291 278 4305 ,
326 4257 329 4262 ·
372 4223 604 4300 electorem,
630 4225 714 4278 tum
733 4200 1028 4296 Schallnaburgi
1048 4199 1281 4290 versantem,
1306 4199 1515 4292 nuntium,
1543 4201 1611 4296 qui
1631 4201 1679 4272 tle
1698 4201 1910 4278 differenda
1929 4207 2150 4306 hacinqui·

375 4341 523 4420 litionis
549 4331 737 4409 sententia
763 4331 805 4399 in
830 4321 1001 4400 mensem
1030 4341 1184 4426 ageret,
1225 4327 1322 4398 clam
1346 4325 1576 4400 Hochstrato
1605 4328 1776 4400 mittunt.
1842 4331 1918 4406 Sed
1943 4313 2169 4412 noctura--

292 4550 297 4566 ,
375 4481 438 4549 ius
463 4457 738 4540 huius.nuntii
763 4449 913 4544 nescius
945 4451 1048 4524 diam
1074 4453 1272 4524 cremandi
1302 4453 1418 4544 dicit,
1456 4471 1516 4545 et,
1551 4455 1720 4556 gratuita
1748 4447 1997 4552 peccatorum
2018 4451 2148 4540 r'emif.

268 4617 303 4696 f
378 4605 484 4676 lione
516 4585 718 4690 promissa,
769 4579 1066 4676 quammultos
1103 4579 1228 4690 potest
1258 4579 1495 4674 spectatores
1534 4581 1684 4654 inritat.
1725 4585 1831 4656 'Iam
1863 4550 1943 4676 tlies
1978 4581 2151 4668 incendii

250 4813 254 4828 ι
377 4719 567 4803 illucescit
613 4719 672 4808 (tt.
716 4727 812 4803 1515
841 4711 927 4794 Oct.
958 4711 1031 4802 ta).
1102 4692 1386 4778 Innumerabili
1426 4707 1696 4806 spectatorum
1729 4705 1981 4790 multitudine
2019 4701 2152 4796 sorum

331 4939 338 4953 ,
380 4849 648 4930 circumstante
679 4855 717 4912 et
743 4833 840 4936 r'ogo
871 4835 1060 4908 exstructo
1085 4832 1258 4927 iudicet,
1302 4857 1445 4936 magno
1478 4805 1688 4948 doctorum
1722 4861 1769 4910 ex
1790 4841 2012 4917 Academiia
2047 4871 2154 4924 corn·
