4786 5708
1450 195 1456 227 l

1000 417 1043 508 “r
1104 461 1156 490 ··
1213 437 1309 524 ¹aee
1372 396 1439 490 ‘a-
1500 487 1506 505 ,

197 637 208 646 ·
344 599 348 609 “
389 619 533 694 demite
557 617 809 696 nutritoribus
835 639 957 714 nuper
982 611 1215 710 institutum,
1245 611 1312 708 ut,
1349 621 1412 692 cui
1432 613 1693 715 profelleriunr
1712 641 1854 694 munna
1878 618 1978 716 apud
2002 617 2163 696 vorde-

311 811 315 826 ,
374 739 611 828 ”mandatum
636 746 772 834 fuerit,
808 747 988 820 oratione
1008 744 1159 842 publica
1186 735 1224 820 id
1244 735 1424 846 auspicari
1444 743 1606 824 ³adebeat
1635 747 1865 844 saptenttus
1853 773 2029 848 mquam
2056 748 2161 846 qunti

374 912 380 948 ,ι
392 879 482 948 haec
499 877 564 954 lex
580 897 661 994 nott
684 874 863 948 ommbus
881 871 1176 974 magistratibus
1203 873 1315 948 sed“
1290 901 1336 950 na
1362 893 1512 948 tantum
1529 900 1621 950 varta
1638 873 1812 972 imposita
1837 872 1909 962 esi,
1935 899 1957 948 a
1983 873 2163 972 qutbutfi

386 1001 475 1074 'non
495 999 752 1104 eloquentiam
779 1019 817 1074 et
843 987 941 1076 carte
965 981 1533 1098 elocutionem‘exspectaverit
1585 983 1829 1098 Deploranda
1854 1006 1956 1078 enim
1981 1002 2067 1078 ellet
2088 1025 2166 1076 aca-

291 1215 294 1224 .
365 1129 540 1216 demin,
567 1131 782 1230 elinguibus
806 1125 937 1225 stipata
962 1129 1238 1225 professoribus.
1292 1135 1374 1228 Ego
1401 1155 1512 1219 vero,
1550 1133 1612 1204 cui
1640 1156 1660 1204 a
1688 1117 2009 1209 serenissimorum
2042 1129 2167 1204 acade·
2259 1191 2267 1218 ,

395 1231 491 1330 mide
506 1259 737 1330 nutritorum
762 1231 879 1358 pratia
904 1258 978 1332 tale
996 1281 1138 1330 munus
1165 1257 1432 1330 demandatum
1454 1277 1552 1348 erat,
1588 1259 1745 1340 verebar
1771 1260 1918 1354 primo,
1944 1278 1993 1330 ne
2013 1217 2168 1354 ripolle-

310 1464 317 1488 Α,
396 1387 537 1462 nietam
557 1388 675 1459 civem
690 1377 984 1458 sermocinando
989 1377 1184 1470 meVobia
1194 1386 1431 1478 praeberem:
1462 1385 1556 1458 adeo
1568 1385 1710 1490 summa
1728 1387 1931 1461 doctorum
1949 1385 2166 1474 auctotitaa,

149 1539 175 1598 ·,
298 1499 301 1504 ’
398 1515 464 1611 qui
490 1515 530 1585 in
548 1515 617 1586 hac
632 1515 842 1588 litterarum
867 1510 1104 1586 univerfitate
1131 1535 1265 1586 omnes
1294 1513 1513 1610 disciplinae
1533 1484 1684 1626 seientia
1707 1514 1769 1588 sua
1789 1529 1929 1622 augent
1947 1515 2026 1587 vim
2046 1513 2169 1602 inme

400 1641 501 1750 spem
531 1641 711 1715 exseruit.
739 1641 898 1714 subinde
919 1659 1045 1724 tamen
1074 1640 1203 1712 animo
1228 1637 1378 1736 sumpto
1408 1641 1454 1714 ad
1483 1665 1561 1714 rem
1590 1665 1651 1714 me
1680 1641 1826 1715 accinxi
1845 1659 1883 1714 et
1903 1665 1949 1714 eo
1974 1640 2168 1714 lubentius

401 1794 462 1842 me
478 1771 645 1858 accinxi,
673 1793 791 1866 quum
808 1769 904 1841 mihi
923 1769 969 1842 de
984 1762 1221 1856 aristocratia
1239 1789 1288 1840 ex
1305 1757 1460 1862 placitis
1475 1749 1732 1870 Thucydidis,
1758 1769 1928 1842 Platonis
1948 1786 1985 1842 et
1996 1763 2196 1850 aristote.

340 1931 343 1940 ·
379 1899 450 1970 ‘lis
478 1897 596 1968 verbo
621 1896 769 1970 facturo
803 1919 909 1970 noro
937 1895 1145 1968 academiae
1171 1890 1427 1968 institutorum
1449 1920 1499 1970 ac
1530 1897 1660 2042 legum
1688 1889 1904 1972 constitutio
1931 1895 2033 1994 quali
2057 1919 2170 1970 omen

403 2022 666 2144 praefulgeret.
719 2029 849 2120 Itaque
865 2025 944 2096 hoe
958 2046 1072 2096 omen
1090 2043 1228 2115 accept
2051 2030 2056 2040 ‘
2167 2023 2176 2040 '

348 2117 359 2142 Δ
506 2151 719 2250 Quantam
746 2149 862 2223 bonis
887 2151 1026 2222 litteris
1054 2165 1090 2220 et
1107 2147 1249 2221 artibus
1269 2147 1488 2222 liberalibus
1497 2149 1655 2224 Graecia
1678 2099 1893 2246 persederit,
1921 2169 2017 2248 quot
2036 2107 2172 2224 doctri·

371 2279 475 2350 ‘riae
498 2278 720 2374 specimina,
747 2296 842 2374 quot
863 2279 1074 2374 praeclarae
1100 2259 1257 2372 poiseus
1282 2275 1509 2358 documenta
1534 2277 1747 2388 ediderit,
1736 2297 1981 2380 inpromptu
2005 2277 2076 2368 est,
2102 2303 2173 2352 nec

199 2485 203 2504 ι
299 2509 302 2514 Ι
405 2427 468 2478 me
484 2429 671 2502 praecone
687 2431 727 2479 tn
756 2403 815 2480 his
836 2405 947 2480 rebua
974 2424 1058 2505 eget
1075 2405 1249 2490 Graecia,
1276 2427 1401 2502 neque
1425 2404 1548 2503 egebat
1568 2429 1773 2503 quoquam.
1826 2411 1943 2506 Saepe
1959 2425 2103 2480 tamen
2106 2405 2173 2477 mi·

408 2535 481 2619 rari
508 2533 638 2623 subiit,
692 2536 757 2632 qui
774 2533 925 2608 factum
961 2531 1026 2621 srt,
1076 2549 1119 2604 ut
1150 2556 1192 2605 ea
1218 2535 1342 2632 gena,
1379 2556 1475 2630 quae
1498 2547 1648 2608 tentum
1668 2533 1711 2606 in
1735 2533 1894 2608 litteris
1889 2495 2114 2634 praestiterit
2134 2549 2172 2606 et

345 2673 352 2690 '
408 2661 570 2748 artibus,
616 2679 765 2734 utnon
792 2645 1128 2735 solumliomanos
1153 2659 1294 2758 ubique
1323 2678 1360 2732 et
1385 2661 1650 2758 antiquitatem
1687 2659 1945 2760 superaverit,
1981 2658 2173 2734 sedetiam
2223 2708 2232 2714 -

290 2813 295 2830 ·
409 2770 517 2862 omni
536 2785 744 2887 posteritati
763 2795 912 2888 tantum
930 2787 1144 2896 antecedat,
1173 2805 1399 2885 quantuma
1417 2789 1680 2866 terraeoelum
1701 2787 1831 2878 dillat,
1872 2785 2111 2920 triffisstmum
2132 2789 2175 2860 in

410 2919 606 2993 'civitatum
619 2943 794 2992 acrarum
813 2917 1050 3014 publicarum
1061 2913 1155 2990 statu
1169 2915 1383 3012 adspectum
1401 2905 1731 3012 praebeat.an
1749 2941 1820 3017 ego
1832 2917 1877 2989 de
1890 2898 2032 3014 patriae
2050 2939 2176 3004 amore

410 3045 568 3154 loquor,
603 3069 684 3118 non
712 3047 758 3137 de
776 3046 926 3118 fortiter
942 3043 1161 3164 strenueque
1176 3043 1305 3134 factis,
1350 3045 1487 3142 quibua
1511 3032 1612 3120 balli
1632 3043 1738 3146 genti
1756 3043 1867 3122 facile
1884 3045 1991 3120 cedat
2013 3045 2176 3135 Graecia,

412 3171 474 3245 sed
499 3171 545 3246 de
572 3175 767 3258 cummuni
794 3189 833 3245 et
857 3171 1026 3248 universa
1050 3175 1193 3269 patriae
1219 3173 1511 3262 coniunctione,
1551 3195 1625 3271 qua
1645 3191 1795 3247 tanturn
1815 3169 1937 3262 abest,
1965 3177 2009 3246 'ut
2026 3173 2177 3246 Graecia

350 3343 357 3404 .'
412 3327 581 3402 unquam
605 3299 718 3376 fruita
746 3299 768 3372 s
757 3321 808 3388 t,
844 3319 888 3373 ιιι
904 3301 1033 3396 potrus
1050 3301 1149 3372 mhrl
1165 3297 1234 3374 ntfi
1252 3318 1412 3374 conatus
1431 3301 1568 3398 ceperat
1585 3317 1623 3372 et
1638 3323 1757 3396 pnma
1776 3299 1969 3396 posuent
1957 3301 2078 3374 ιιιιιιι
2089 3297 2177 3374 In

290 3448 295 3457 '
414 3443 462 3504 eb
475 3417 663 3646 ⁹quidem
654 3450 788 3502 omnes
805 3427 935 3502 Graeca
956 3427 1251 3526 consentiebant,
1278 3409 1559 3501 abhorrendum
1576 3425 1644 3546 srbi
1664 3427 1733 3573 elle
1756 3453 1775 3500 a
1795 3413 2037 3568 barbarorum
2055 3425 2177 3570 infan-
2205 3485 2211 3495 .

411 3709 485 3760 nus
513 3687 648 3784 aliquis
675 3683 877 3760 intefectus
912 3643 1017 3772 esset,
1052 3709 1132 3758 non
1151 3683 1421 3778 tyrannidem,
1438 3611 1523 3758 sed
1547 3664 1732 3778 tyrannos
1757 3668 1877 3757 solum
1896 3641 2178 3796 commbtaiilse

288 3897 306 3921 ο
411 3813 642 3890 viderentur.
700 3813 1029 3886 Abonimabantur
1055 3813 1167 3886 illum
1194 3813 1436 3912 languorem,
1479 3803 1899 3926 torpedinemillam,
1875 3837 1995 3918 quae
1994 3767 2179 3946 ιιιιιιιιιιι-

269 4014 306 4039 ,,
414 3968 488 4042 que
514 3929 752 4044 tyrannidem
780 3941 951 4014 comitari
969 3940 1062 4013 solat
1084 3961 1143 4029 et,
1190 3941 1352 4015 iuvenili
1378 3939 1544 4037 quodam
1561 3939 1710 4018 fervore
1727 3937 1824 4030 ectr,
1873 3937 1914 4012 ιιι
1933 3939 1995 4012 sua
2013 3921 2178 4034 ipsorum
2270 4001 2273 4006 .

249 4095 277 4148 Ἀ
366 4061 368 4066 ’
412 4071 549 4146 viscera
564 4069 701 4144 saevire
716 4053 945 4158 malebant,
937 4089 1055 4168 quant
1075 4041 1212 4142 rectam
1229 4087 1267 4142 et
1280 4066 1506 4154 indomitam
1523 4052 1703 4142 cervicem
1720 4094 1802 4166 rega
1790 4049 1928 4158 'alicui
1945 4064 2177 4141 submittere.

367 4177 370 4184 ¹
412 4205 594 4299 Nempe,
626 4194 728 4296 quod
746 4199 895 4270 Ennius
917 4191 1031 4272 dicit:
1067 4197 1175 4309 ιιιιιιιι
1198 4196 1321 4270 sancta
1341 4193 1581 4268 societasnec
1600 4193 1694 4268 fidas
1720 4197 1825 4295 regni
1850 4193 1923 4285 est',
1940 4181 2179 4272 Gr'ae'corutn

340 4369 363 4416 g
411 4327 519 4401 fuisse
546 4323 816 4424 persuasionem
844 4349 925 4399 non
949 4322 999 4399 est
1023 4325 1129 4443 quod
1156 4323 1289 4398 multis
1317 4299 1639 4396 demonstremur.
1691 4297 1908 4414 ῙιιιοιιιιιιιιιΙ
1915 4299 1976 4397 id
2004 4303 2190 4422 extemplo
2236 4299 2241 4314 ⁸

336 4483 348 4502 1
411 4453 614 4530 Romania
622 4451 825 4527 declaravit
842 4455 946 4528 illius
963 4440 1172 4566 temeritas,
1206 4455 1291 4551 qui,
1319 4469 1363 4526 ut
1381 4451 1577 4526 Ciceronis
1590 4444 1714 4526 verbra
1731 4463 1835 4540 utar,
1877 4442 2006 4600 οιιιιιιι
2030 4455 2111 4532 iura
2128 4453 2182 4527 di·

341 4559 345 4566 Δ
412 4585 503 4660 vina
526 4599 564 4654 et
582 4581 749 4654 humana
769 4581 956 4714 pervertit
982 4601 1138 4679 propter
1166 4607 1273 4661 eum.
1315 4603 1430 4678 quem
1450 4577 1528 4677 ipse
1492 4567 1656 4652 sstbi
1649 4575 1845 4674 opinionis
1867 4557 1989 4676 errore
2008 4533 2182 4688 liniterasv

409 4711 684 4810 principatum.
756 4714 813 4780 Ita
838 4697 964 4812 quam
979 4695 1186 4811 imaginem
1214 4689 1433 4834 ὃιιιιιιοιιιιιι
1460 4686 1691 4792 doctrina
1673 4729 1720 4780 ιιι
1753 4669 1911 4808 singulid¹
1945 4688 2180 4818 bdtuinibus,

413 4837 596 4922 eandem
584 4859 625 4910 ιιι
645 4805 798 4936 singulis
809 4837 1024 4915 civitatibus
1044 4839 1194 4914 Graecia
1203 4835 1328 4914 nobie
1340 4801 1616 4932 repraesentare¹
1631 4833 1796 4910 videtur.
1849 4811 2087 4938 Dorienlium¹
2103 4841 2183 4914 ani-
