4788 5702
996 367 1001 374 .
1118 319 1193 410 -„
1251 305 1326 384 aaa
1373 321 1454 374 a·-
1529 269 1535 280 ”

235 539 243 552 .
285 531 320 546 .·
406 483 502 572 bus,
538 473 813 573 componendis
840 473 999 562 tabulis,
1036 473 1173 576 quibus
1200 475 1410 550 litterarum
1443 457 1592 548 [ludios
1620 471 1661 546 in
1692 473 1880 550 civitatem
1909 433 2176 574 suscipiantur,

395 607 608 691 „scribendis
628 603 835 693 encomiis,
870 603 1001 712 edictis
1017 603 1072 676 ‘ad
1094 603 1326 709 disciplinam
1356 601 1658 700 pertinentibus,
1693 603 1966 701 relegationum
1983 603 2179 694 formulis,

393 743 567 850 ‘aliisque
586 737 670 808 eius
686 731 830 831 generis
851 731 986 847 elogiis
1011 749 1122 826 atque
1146 704 1468 832 programmatis
1457 730 1524 826 per
1549 729 1715 803 muneris
1736 731 1923 804 rationem
1944 731 2179 852 occupatissi-

409 873 496 946 mig,
519 879 631 964 quem
660 884 778 958 quum
806 855 879 932 lint
907 838 1019 930 hodie
1046 857 1399 976 dicaculihomines
1426 874 1464 928 et
1487 855 1532 930 ab
1564 855 1708 930 litteris
1724 858 1882 950 remoti,
1919 885 1985 956 qur
1973 857 2180 932 latinum

410 993 631 1084 Academiae
649 988 895 1060 Secretarium
914 1001 1072 1065 vocent.
1100 986 1235 1059 sortem
1253 985 1329 1082 ipse
1346 985 1448 1058 suam
1467 975 1721 1058 consolabitur
1737 977 1960 1058 auctoritate
1976 987 2179 1090 maiorum,

312 1157 317 1160 ·
410 1125 476 1226 qui
501 1115 717 1195 honorifico
747 1114 903 1188 nomine
927 1117 1122 1204 Oratorem
1144 1113 1366 1189 Academiae
1389 1093 1686 1208 appellauerunt.¹
1747 1112 1895 1186 Deinde
1921 1138 2039 1210 quum
2064 1133 2181 1206 vene·
2230 1157 2243 1182 ι

350 1340 352 1351 Ι
410 1252 529 1328 rande
548 1235 845 1356 Theologorum
853 1241 987 1313 Ordini
1009 1239 1261 1349 impolitum
1250 1265 1324 1312 ram
1345 1239 1439 1312 olim
1467 1238 1550 1314 esset
1574 1215 1763 1327 officium,
1790 1238 1837 1314 ad
1864 1239 2056 1314 sollemnia
2076 1241 2184 1314 chri·

396 1355 616 1460 'stianorum
632 1373 749 1458 sacra,
773 1393 867 1466 quae
886 1383 943 1440 ter
959 1367 1164 1466 quotannis
1184 1369 1364 1454 redeunt,
1395 1365 1558 1462 publicis
1586 1364 1854 1462 scriptionibus
1872 1369 2037 1441 vocandi
2052 1369 2183 1444 scada-

399 1489 669 1590 misoscum,
696 1514 926 1604 vocatosque
952 1495 998 1568 ad
1023 1497 1198 1589 pietatem
1220 1495 1464 1568 cohortandi:
1502 1517 1603 1568 nova
1622 1517 1747 1589 nuper
1766 1491 1888 1594 lege
1869 1514 2021 1572 cautium
2039 1491 2106 1588 est
2136 1515 2188 1568 nt

294 1719 296 1726 ,
413 1643 479 1716 hic
502 1653 656 1740 quoquc
679 1642 762 1700 mos
786 1623 989 1712 maiorum,
1027 1647 1102 1720 quo
1128 1623 1277 1720 ingenia
1304 1645 1383 1694 non
1404 1621 1895 1718 minusquamanimiexsu
1899 1623 2098 1712 scitantur,
2130 1623 2183 1694 ab

371 1769 393 1832 ’ἶ
415 1769 590 1866 neglectu
607 1777 647 1830 et
666 1753 861 1826 oblivione
877 1729 1144 1823 vindicaretur.
1198 1755 1297 1820 Tum
1316 1739 1341 1819 li
1360 1747 1425 1843 qui
1449 1738 1681 1854 inposterum
1698 1773 1793 1821 novt
1780 1748 2064 1822 ‘'Prosellores
2055 1774 2097 1820 ιιι
2112 1773 2186 1822 nu·

329 1983 331 1988 ι
416 1915 561 1968 mecum
576 1877 1097 1986 adsciscentur,p1enda
1073 1902 1118 1948 ns
1137 1875 1224 1948 sunt
1242 1873 1402 1970 auspicia
1421 1899 1585 1946 muneris
1613 1873 1748 1970 scripto
1774 1877 1950 1970 publico,
1979 1903 2056 1976 quo
2077 1897 2114 1950 et
2135 1878 2185 1950 de

318 2035 321 2046 .
387 2025 478 2098 'sug
469 2035 652 2140 quisque
670 2007 861 2101 disciplina
880 2003 1023 2098 ahquid
1041 2018 1289 2096 expromunt
1317 2019 1355 2074 et
1375 2001 1420 2072 ed
1442 2001 1651 2095 orationem
1674 2003 1890 2076 aditialem
1881 2023 2055 2078 invitent
2108 2009 2186 2078 De·

321 2159 324 2164 “
400 2131 532 2247 ‘nique
550 2135 826 2240 disputationes
852 2129 1105 2217 academicae,
1142 2151 1223 2202 non
1246 2128 1335 2199 illae
1350 2129 1506 2228 quidem
1535 2125 1763 2224 inposterum
1786 2154 1803 2200 a
1826 2106 2094 2222 Prosefforibus
2110 2156 2185 2228 pro

245 2247 250 2266 ⁸
360 2312 365 2350 5
418 2283 506 2352 loco
527 2298 566 2346 ιιι
585 2265 724 2348 Ordine
740 2257 970 2346 obtinendo
997 2255 1347 2328 sedaDoctonbus
1367 2275 1492 2326 tamen
1519 2273 1555 2326 et
1575 2253 1764 2354 Megellus
1791 2261 1860 2330 ἐπιδ
1845 2254 1977 2335 ιιῑιως
1996 2259 2188 2334 caussa

364 2447 365 2452 =
419 2399 644 2483 diruendae,
673 2363 1006 2462 denunciabantur
1031 2401 1328 2482 programmate,
1369 2384 1473 2480 quod
1497 2375 1672 2456 Decianus
1697 2385 1759 2458 vel
1776 2386 2012 2460 Prodecauus
2031 2387 2186 2462 Ordinis

296 2593 300 2600 .
421 2533 477 2609 im
491 2523 712 2602 auctoritate
731 2527 929 2612 proponet
985 2507 1174 2584 Postremo
1190 2535 1262 2584 nec
1284 2509 1477 2582 summos
1466 2533 1506 2582 ιιι
1528 2512 1742 2609 theologia,
1769 2512 1862 2584 iuris
1883 2511 2031 2587 scientia
2051 2533 2090 2588 et
2108 2533 2188 2590 erte

173 2751 181 2762 ἢ
273 2685 276 2690 ·
372 2739 375 2744 ,
422 2645 837 2770 salutarihonoresrite
850 2660 922 2712 aut
942 2639 1103 2711 tribuere
1126 2655 1193 2710 aut
1216 2636 1426 2732 capellare
1415 2662 1456 2710 ιιι
1473 2637 1833 2710 Academialenenli
1858 2637 2010 2730 licebit,
2044 2641 2189 2718 nisifa·

422 2807 480 2864 eta
482 2764 671 2884 quadam
693 2772 874 2846 litteraria
899 2767 1040 2844 velut
1029 2765 1337 2886 inauguratione,
1376 2789 1472 2863 quae
1490 2766 1635 2838 Decani
1663 2766 1725 2840 vel
1749 2766 1955 2840 Prodecani
1974 2768 2111 2864 scripto
2139 2767 2192 2847 sie

420 2909 698 2995 continebitur,
736 2918 799 2989 ut,
836 2916 1020 3005 quantum
1046 2896 1234 2985 candidati
1270 2875 1392 2966 laudis
1421 2917 1468 2966 ex
1495 2893 1672 2992 legitimis
1702 2893 1895 2969 doctrinae
1921 2895 2191 2992 speciminibus

421 3041 639 3122 merebant,
667 3046 816 3102 tanturn
844 3026 890 3098 ad
911 3049 974 3098 eos
1002 3021 1343 3096 commendationis
1363 3045 1410 3092 ex
1430 3023 1504 3092 hoc
1530 3022 1683 3114 publico
1709 3017 1926 3095 testimonio
1957 3027 2069 3096 etiarn
2089 3025 2193 3116 apud

303 3249 312 3256 ,
422 3189 572 3246 exteros
599 3153 895 3234 redundaturum
911 3146 967 3224 fit.
1021 3149 1337 3256 Philosophorum
1365 3129 1492 3218 autem
1516 3146 1640 3234 Ordo,
1670 3173 1785 3244 quum
1805 3150 2024 3222 sollemnem
2047 3157 2197 3248 Docto·

351 3305 368 3316 ”
423 3325 508 3374 ιιιιιι
530 3317 572 3366 ac
590 3279 856 3384 Magistrorum
876 3275 1104 3352 creationem
1133 3277 1336 3374 quotannis
1364 3273 1624 3357 celebrandam
1650 3295 1925 3372 programmate
1943 3279 2061 3352 indici
2080 3303 2194 3376 opor·

302 3495 304 3500 ,
426 3443 520 3513 teat,
546 3415 699 3494 hebebit
716 3414 757 3486 in
775 3413 848 3482 hoc
865 3403 1035 3481 instituto
1048 3385 1070 3493 ,⁸
1087 3427 1163 3501 quo
1182 3427 1270 3482 curn
1287 3403 1420 3476 ceteris
1442 3401 1645 3475 Ordinibus
1667 3399 1868 3503 scribendo.
1882 3407 2096 3478 contendat.

375 3625 382 3634 ,
471 3557 626 3628 Haec
643 3563 720 3616 tam
737 3539 921 3634 sapienter
938 3530 1123 3621 instituta,
1152 3533 1235 3628 quis
1263 3528 1345 3606 est
1335 3547 1434 3602 inter
1451 3503 1542 3618 nos
1571 3531 1662 3626 quin
1684 3549 1789 3630 grato
1807 3521 1936 3607 animo
1954 3501 2193 3627 accipiatur
2226 3547 2260 3604 .'

356 3723 358 3728 ⁴
421 3689 542 3780 nsque
552 3692 700 3748 novum
711 3671 834 3740 laetus
850 3661 1306 3764 agnoscatdocumentum
1318 3655 1439 3746 studit,
1467 3657 1570 3753 quod
1580 3659 1770 3751 Principes
1785 3657 2195 3736 sereniffinriintuends

357 3905 358 3908 Ἴ
426 3831 465 3886 et
479 3801 648 3904 augenda
659 3793 881 3870 Academiae
899 3789 1079 3886 dignitate
1096 3783 1328 3880 posuerunt?
1355 3785 1451 3858 Satis
1469 3785 1567 3854 enim
1585 3809 1688 3862 nunc
1705 3787 1891 3878 provisum
1911 3785 1989 3872 est,
1997 3813 2045 3859 ne
2056 3789 2199 3864 accidat

426 3938 514 4012 huic
541 3925 703 4011 civitati,
739 3919 844 4016 quod
875 3933 1098 4020 eventurum
1117 3910 1398 3998 Academiis,'
1387 3936 1427 3981 ιιι
1447 3911 1584 4006 qutbus
1600 3911 1697 3982 nihil
1713 3931 1860 4006 geratur
1876 3913 2046 4010 publicai,
2074 3939 2200 4013 neque

427 4051 548 4142 oratio
568 4055 647 4129 ulla
666 4048 816 4147 publica
837 4043 1027 4128 habeatur,
1055 4039 1230 4136 nihilque
1244 4038 1424 4110 scribatur
1445 4037 1607 4131 publice,
1635 4039 1807 4130 Heynius
1823 4042 2073 4117 aminabatur.
2126 4049 2202 4117 Da-

404 4173 488 4268 stae
505 4189 591 4262 sunt
608 4177 746 4256 caussae
766 4193 802 4248 et
821 4169 1122 4270 opportunitates
1143 4166 1462 4290 quamplurimae,
1483 4167 1653 4261 quibus
1643 4169 1793 4264 rugenia
1805 4164 1994 4264 studiaque
2006 4188 2201 4260 acuantur,

429 4341 466 4393 et
483 4312 592 4412 pestis
613 4305 925 4390 Academiarum
943 4315 1121 4372 veternus
1140 4317 1183 4368 nc
1203 4293 1382 4381 socordia,
1411 4294 1633 4367 excretiatur.
1687 4301 1848 4368 Cautum
1869 4291 1929 4386 est
1955 4321 2005 4368 ne
2024 4295 2201 4372 Prosess'o
2245 4344 2249 4350 ·

362 4463 378 4500 ⁶
428 4430 867 4521 resautreeenscreati‚
894 4444 1085 4520 tamquam
1107 4421 1877 4516 subdepicurocathedrisimponantur,
1905 4421 2199 4498 autinstationa
2312 4457 2316 4468 ·

429 4578 505 4648 iam
521 4567 665 4640 dudum
683 4557 873 4662 collocati,
901 4551 1119 4651 quotidiana
1132 4547 1292 4622 docendi
1304 4571 1414 4642 opera
1428 4545 1642 4620 Profefforis
1657 4572 1797 4619 nomen
1816 4566 1855 4621 et
1868 4573 2008 4622 munus
2023 4551 2201 4626 concludi

215 4705 222 4730 ¹
291 4635 328 4762 h„
431 4687 902 4798 absolviquearbitrentur,
936 4703 1034 4756 neve
1050 4677 1095 4754 ab
1112 4673 1295 4750 scribendi
1312 4673 1379 4748 usu
1396 4673 1529 4765 aversi,
1556 4675 1596 4747 in
1611 4675 1758 4774 vulgari
1773 4675 1987 4772 disciplinae
2003 4678 2202 4754 tradendae
