4786 5708
521 463 524 474 Ι
535 425 548 458 Ι

1094 461 1633 578 -4ιο-3μ

381 651 491 740 esset,
518 668 670 750 praeter
700 653 817 726 aliurn
848 609 1039 782 quendam
1067 635 1210 730 librum
1239 651 1288 730 'de
1315 623 1486 756 linguae
1493 655 1696 762 hebraicae
1715 651 1936 724 accentibus
1956 647 2149 724 etortlio·
2233 624 2238 643 ¹

270 809 274 818 ·
376 781 558 873 graphia,
591 781 707 850 etiam
728 783 1019 878 grammaticas
1044 783 1087 854 in
1113 784 1253 876 quibus
1287 785 1444 882 regulae
1469 749 1780 868 illustrarentur,
1799 777 2030 873 psalmorum
2049 801 2147 871 quo
2379 760 2380 846 l

375 905 565 974 mindam
549 907 894 1000 interpretationes
913 907 1101 980 addidit.
1124 911 1186 982 Sic
1213 911 1368 982 tandem
1396 909 1441 984 ab
1471 931 1547 980 uuo
1570 905 1696 976 nostro
1718 901 1965 974 Reuchlino'
1956 904 2147 976 iuriscon·
2207 937 2212 942 ·
2238 905 2243 910 ’

159 1037 189 1135 'y
249 1007 272 1137 '⁸
373 1029 494 1122 sulto,
524 1033 628 1125 quod
645 1033 835 1130 tlieologl
842 1056 922 1104 non
939 1047 1171 1127 potuerant
1194 1037 1233 1108 id
1256 1037 1438 1106 ellectum
1468 1035 1539 1124 est,
1567 1047 1612 1102 ut
1628 1031 1774 1102 multos
1795 1029 2145 1124 senesquerosqua

373 1157 421 1225 ad
438 1141 644 1232 hebraeam
663 1159 834 1257 linguam
868 1155 1068 1268 iiivitaret,
1097 1159 1217 1232 studia
1245 1163 1290 1232 ad
1309 1161 1519 1233 hebraicos·
1540 1159 1690 1246 sontes,
1718 1177 1815 1247 quos
1839 1177 1937 1226 unus
1956 1155 2147 1262 ex'domi·

343 1285 600 1360 anicanorum
628 1283 804 1396 saucibus
831 1285 1043 1380 posteritati
1069 1285 1304 1374 servaverat,
1332 1309 1447 1378 quarn
1474 1287 1641 1356 maxima
1666 1281 1890 1380 inclinaret,
1919 1297 1958 1352 et
1979 1285 2076 1352 riarn
2098 1281 2146 1352 ad

260 1609 264 1616 ,
373 1552 442 1606 ret.
406 1459 764 1632 ..Quaecunque
784 1537 924 1613 exinde
942 1551 982 1608 et
1008 1537 1267 1630 locupletiora
1285 1553 1324 1608 et
1346 1535 1608 1608 emendatiora
1631 1533 1749 1606 liuius
1771 1533 1974 1606 literarum
1990 1533 2144 1630 generis

148 1731 151 1740 ,
238 1755 244 1768 ⁸
327 1633 508 1758 'scripte
543 1679 659 1758 atque
688 1663 791 1734 edita
815 1649 909 1752 sint,
936 1663 1197 1736 aReuchlino
1222 1663 1303 1758 ipsu
1324 1663 1439 1740 sonte
1464 1661 1655 1760 originem
1684 1659 1890 1732 duxerunt.
1953 1659 2040 1730 llli
2042 1659 2147 1732 enim

375 1787 437 1857 liic
456 1785 603 1879 honos,
632 1791 727 1859 haec
750 1789 894 1888 gloria,
920 1789 997 1860 hoc
1018 1791 1135 1860 decus
1159 1789 1338 1862 debatur.
1391 1789 1453 1860 Sic
1482 1789 1628 1858 latetur
1645 1785 1964 1877 Melan'chtlion„
1980 1783 2029 1857 sic
2048 1811 2146 1882 quo·

250 1949 252 1954 ·
376 1937 452 2006 que
478 1916 695 2002 Lutherus,
726 1913 869 2010 quippe
893 1919 981 2008 qui,
1009 1931 1052 1986 ut
1080 1903 1302 2000 multi'alii,
1333 1937 1426 1984 eum
1458 1930 1499 1984 ut
1527 1916 1701 1984 omnium
1721 1911 2005 1986 Germanorum
2028 1913 2146 1984 etiam

374 2041 484 2108 suurn
509 2057 657 2134 patrem
683 2065 728 2112 ac
752 2058 1043 2134 praeceptorem
1070 2041 1333 2128 uenerabilem
1358 2039 1528 2110 laudavit
1552 2061 1594 2108 ac
1615 2037 1859 2132 praedicavit.
1913 2042 2009 2112 Nam
2038 2061 2149 2134 praa·

374 2181 479 2234 teneri
498 2167 604 2257 ,quod
625 2168 772 2259 Capuio
792 2158 917 2238 noster
933 2182 1107 2240 veterum
1134 2157 1311 2259 inprimis
1332 2167 1600 2254 Hebraeorum
1621 2141 1745 2254 literis
1765 2165 1892 2236 lucem
1908 2165 2148 2256 incenderet,

146 2285 149 2292 ·
232 2317 265 2344 ω
375 2295 490 2365 eiiam
510 2275 731 2375 sentiemes
754 2293 978 2382 illustravit,
1005 2308 1046 2364 ιι
1073 2291 1220 2394 anguis
1248 2291 1339 2362 ridet
1369 2286 1494 2384 captu
1524 2287 1892 2370 annotationum
1909 2291 2080 2366 infatuus
2099 2293 2146 2364 ιι
2185 2305 2189 2314 ·

381 2418 652 2512 simpliciorem
678 2419 894 2519 doctrinam
920 2417 1081 2514 propius
1113 2405 1404 2522 accommodare
1432 2415 1586 2486 studuit.
1642 2414 1772 2542 Quid?
1799 2417 1902 2510 quod
1919 2418 1985 2488 ille
2002 2421 2147 2492 multos

290 2562 293 2572 ·
377 2545 556 2642 vulgatae
574 2543 769 2618 versionis
775 2567 925 2617 errores
947 2543 1285 2642 detegendo,s
1215 2543 1303 2614 salla
1284 2535 1582 2640 acorrigendo,
1611 2557 1650 2612 et
1674 2557 1827 2636 patrum
1847 2543 2064 2618 sanctorum
2083 2547 2148 2618 ad

249 2693 255 2704 ’
365 2672 588 2742 'atramenta
607 2669 862 2765 vituperando
880 2659 1025 2742 inultos
1044 2671 1133 2742 istos
1151 2685 1230 2742 tam
1249 2671 1397 2741 sanctor
1416 2667 1627 2760 divinoque
1644 2668 1777 2782 spiritu
1791 2671 1939 2749 afflatos
1962 2695 2038 2744 una
2059 2696 2147 2750 cuni

378 2797 610 2892 pontificum
634 2781 883 2872 romaneium
902 2817 1020 2894 grege
1036 2797 1265 2868 labefactare
1293 2797 1405 2866 aubis
1426 2795 1489 2866 est
1544 2798 1652 2892 Quae
1681 2817 1768 2866 cum
1793 2795 2191 2874 omnianobiscuni‘
2259 2837 2266 2844 ·

346 2969 353 2980 ·
382 2937 628 3016 reputemus,
657 2922 761 2994 haud
773 2911 940 2994 dubium
959 2919 1051 3014 est,
1060 2921 1154 3016 quin
1171 2919 1380 2994 Rauchlini
1412 2917 1570 2992 studia
1560 2943 1634 2996 iarn
1661 2945 1731 3016 per
1752 2923 1810 2990 sa
1810 2923 1968 3012 sirmia,
1996 2923 2146 3000 siilliut

345 3047 348 3054 '
379 3051 464 3120 aeri
492 3047 600 3120 simul
631 3049 845 3122 barbariam
873 3049 1125 3148 cognoveris,
1152 3049 1240 3122 sane
1267 3043 1504 3120 admirabilia
1532 3059 1648 3140 atque
1674 3049 1855 3118 immonsa
1877 3019 2032 3124 suerint.
2085 3055 2148 3126 Sic

378 3163 791 3252 iteuchliniis'ie‘ttinni
811 3176 983 3250 veritatis
1002 3175 1247 3256 fortissimus.
1274 3195 1397 3268 paene
1416 3169 1457 3242 in
1481 3174 1588 3250 omni
1609 3175 1856 3262 reversatus,
1884 3178 2000 3248 etiam
2018 3183 2147 3274 puris:
2210 3221 2215 3226 -

362 3305 431 3372 ¹ris
450 3325 493 3372 ac
513 3301 673 3375 verioris
693 3301 917 3402 theologiae
934 3303 1090 3375 scientia
1116 3303 1280 3391 tinctus,
1316 3297 1513 3386 Luthero,
1541 3298 1866 3390 quemadmodum
1887 3302 1951 3371 hic
1968 3305 2145 3398 plurimis

378 3431 609 3518 confitetur,
649 3429 865 3522 multisque
882 3430 965 3500 aliis
984 3429 1149 3502 Lutberi
1176 3427 1401 3521 aequalibus
1431 3424 1554 3498 sesceni
1581 3425 1787 3522 praetulit,
1821 3449 1893 3500 nec
1923 3436 2145 3524 partemin

376 3557 489 3624 sacris
511 3553 667 3648 posthac
684 3555 927 3628 restituendis
948 3559 1025 3628 vim
1044 3557 1248 3631 exseruit.

404 3754 407 3762 ,
482 3679 745 3760 Nihilominus
763 3705 875 3771 vero,
911 3683 1107 3756 auditores
1130 3631 1359 3776 doctissimi,
1391 3681 1630 3755 lleuchlinus
1651 3683 1831 3756 omnibus
1855 3683 1915 3756 his
1943 3687 2145 3763 literarum
2213 3758 2218 3770 ,
2294 3703 2302 3712 ’

306 3903 314 3916 Ι
380 3808 509 3879 studiis
536 3807 753 3899 praeceptis
780 3821 820 3878 et
844 3809 1181 3882 lucubrationibus
1210 3833 1260 3880 ne
1291 3809 1485 3882 dimidiam
1518 3810 1673 3908 quidem
1712 3811 1895 3884 attulisset
1919 3792 2144 3908 utilitatem,

385 3933 497 4006 nisr''
474 3955 519 4002 iis
546 3932 695 4028 ingenii
721 3931 917 4050 animique
944 3935 1099 4007 dotibus
1121 3914 1384 4026 redundasset,
1423 3937 1564 4030 quibus
1583 3936 1630 4008 ad
1649 3935 1852 4012 bominum
1872 3940 2028 4014 animos
2042 3946 2145 4016 eiici-
2171 3934 2175 3942 ’

296 4041 305 4156 ⁵·
377 4043 515 4132 tandos
536 4074 576 4128 et
594 4055 691 4128 ad
657 4080 780 4146 viam,
809 4081 883 4150 qua
903 4063 1072 4154 optimus
1093 4061 1258 4154 quisque
1275 4059 1320 4132 ad
1340 4063 1500 4138 nieliora
1520 4061 1641 4134 studia
1653 4063 1909 4162 eveheretur,
1937 4069 2145 4182 parandam

346 4205 470 4297 *tunc
489 4183 676 4278 temporis
693 4183 857 4288 maxime
876 4209 974 4308 opus
997 4202 1091 4258 erat.
1145 4185 1211 4256 Vir
1237 4187 1303 4258 ille
1323 4189 1447 4278 enim,
1475 4211 1522 4258 air
1544 4187 1718 4260 doctrina
1736 4181 2024 4292 atqueingenio
2035 4221 2147 4292 praa·

380 4316 534 4410 clarus,
556 4309 674 4422 animi
695 4299 1165 4411 morumqueiotegritate
1184 4315 1350 4386 maxime
1367 4315 1581 4406 excellens,
1619 4317 1735 4388 etiam
1755 4341 1798 4387 ea
1815 4319 2024 4391 utebatur
2014 4347 2055 4394 in
2073 4323 2145 4397 ho'-
2214 4308 2219 4316 ⁵

357 4439 522 4540 ¹mines
525 4415 713 4508 comitate
741 4457 865 4528 eaque
882 4436 928 4508 in
942 4434 1181 4511 sermonibus
1199 4441 1404 4532 suavitate,
1446 4457 1522 4536 qua
1543 4431 1733 4536 optimum
1757 4418 1970 4540 quemque,
1998 4451 2061 4521 cui
2081 4469 2146 4542 va·
2157 4444 2161 4452 ⁹

260 4670 266 4682 .
381 4567 585 4634 hementer
602 4561 803 4654 cupiebat,
840 4561 1043 4638 arctissima
1059 4561 1127 4636 libi
1145 4567 1409 4658 devinciebat,
1441 4583 1481 4638 et
1497 4591 1631 4640 omnes
1648 4567 1856 4662 homines,
1888 4561 2183 4673 quoscunque*

340 4735 346 4744 ·
382 4687 627 4774 conveniret,
672 4687 729 4788 rei
753 4685 841 4758 suae
865 4687 1051 4764 studiosos
1081 4713 1126 4766 ac
1151 4693 1218 4764 fibi
1235 4693 1368 4764 faciles
1398 4675 1608 4783 reddebat,
1649 4691 1800 4790 Quibus
1824 4699 2033 4780 virtutibus
2055 4729 2178 4778 cuni*

381 4831 519 4912 magna
546 4833 635 4908 erga
662 4813 842 4886 homines
864 4799 1058 4926 accesserit
1084 4821 1356 4926 benevolentia
1382 4821 1580 4915 animique
1597 4819 1763 4913 candor,
1805 4823 1893 4896 fieri
1909 4833 2146 4926 nonpotuit,

567 5005 721 5070 ’.ι
