4786 5708
1143 495 1198 520 ·-
1275 451 1482 570 rsty-‘-

213 661 224 690 ι
324 628 369 669 ’·
431 633 1016 752 bris'uno'ictuqualiprimam
1042 641 1595 746 scintillemelicuerit‘,et,
1581 633 2205 720 densissimeuocteunosulmine

310 772 331 799 ·'
417 767 628 862 disrupta,
655 770 817 864 primam
836 769 962 840 lucem
984 766 1224 872 evocaverit,
1250 770 1323 864 ita,
1347 789 1392 843 nt
1408 773 1509 844 banc
1533 771 1748 884 flammam,
1780 771 1857 844 hoc
1880 772 2112 846 incendium
2131 797 2205 847 non

397 935 400 989 1
433 893 479 962 ab
497 895 577 989 ipso
595 894 675 967 solo
698 897 786 970 Deo
805 895 866 966 sed
888 891 1113 968 horninibus
1139 898 1347 1007 excitatum
1370 897 1479 976 luisse
1509 898 1571 968 vix
1592 897 1811 968 credideris.
1851 895 2013 998 ¹Longe
2029 899 2123 972 reio
2144 903 2205 971 ali-

321 1109 331 1126 ,
361 1036 394 1082 ’.
432 1035 491 1090 ter
511 1043 569 1092 res
590 1021 772 1094 sehabet
826 1024 923 1094 Nam
944 1020 1040 1094 licut
1059 1021 1252 1116 quondam
1283 1025 1481 1097 seditionis
1507 1039 1546 1105 et
1570 1024 1907 1098 turbulentorum
1914 1019 2104 1125 illorum,
2141 1031 2203 1118 qui

275 1205 278 1219 ,
385 1245 391 1256 ,
433 1145 615 1220 antehoc
633 1148 803 1220 iectrlum
823 1148 926 1244 apud
945 1151 1216 1248 Francogallos
1239 1149 1571 1222 vehementissime
1598 1150 1757 1220 conflati
1781 1151 1890 1284 lunt,
1917 1168 2104 1222 motuum
2123 1153 2202 1223 lons

432 1285 473 1342 et
491 1273 639 1346 cauffae
663 1277 793 1346 minue
812 1273 852 1346 lu
881 1274 1121 1372 singulorum
1145 1275 1364 1374 arrogantia
1383 1293 1423 1363 et
1440 1277 1666 1348 crudelitate
1687 1267 1814 1368 quani
1828 1277 1868 1346 in
1891 1281 1975 1348 trita
2004 1279 2203 1348 anterioris

431 1401 579 1493 publici
614 1401 729 1472 status
757 1399 981 1472 conditione
1014 1425 1058 1472 ac
1082 1401 1329 1496 perversitate
1361 1401 1606 1492 resederunt,
1643 1419 1683 1474 et
1710 1401 1841 1492 sicuti,
1877 1417 1922 1472 ut
1950 1425 2003 1472 ne
2030 1403 2202 1496 pluribus

433 1528 618 1622 exemplis
636 1543 746 1618 utar,
771 1526 895 1598 notra
915 1527 1198 1600 Germanorum
1218 1527 1376 1602 libertas
1395 1551 1519 1624 nuper
1538 1525 1728 1620 vindicata
1755 1541 1834 1600 nbn
1850 1529 1978 1599 tolum
1990 1577 2002 1620 ,
2031 1545 2076 1600 ιιι
2096 1505 2202 1602 multi
2230 1605 2234 1614 ,

433 1655 600 1746 censent,
629 1654 1025 1753 exFranrogallorum
1045 1653 1152 1765 clade
1173 1670 1288 1748 atque
1306 1654 1524 1727 infortunio
1550 1655 1612 1726 ssd
1632 1655 1755 1726 multo
1774 1645 1896 1754 radgis
1913 1679 1960 1726 ex
1982 1655 2201 1727 vehementi

432 1781 487 1850 ira
509 1797 625 1877 atque
645 1781 762 1876 odio,
791 1781 994 1891 quodiam
1017 1779 1141 1852 diurn
1161 1781 1445 1854 Germanorum
1469 1781 1605 1852 animis
1632 1781 1840 1872 exarserat,
1879 1797 1919 1854 et
1945 1805 1998 1854 ex
2026 1781 2202 1898 singulari

432 1907 569 2002 populi
586 1907 703 1980 nostri
722 1907 866 1981 studio
864 1923 903 1977 et
920 1906 1118 1978 laboribus
1134 1906 1423 1998 saluberrimam
1444 1891 1634 2005 originem
1654 1907 1781 1980 duxit:
1810 1908 1860 1980 fic
1879 1931 2044 2003 quoque
2066 1891 2239 1986 senten

431 2033 484 2106 tia
506 2036 684 2154 illorum,
713 2034 781 2128 qui
805 2031 1114 2134 tbeologicarum
1141 2033 1340 2106 literarum
1367 2033 1627 2126 ecclesiaeque
1653 2031 1934 2106 restitutionem
1958 2057 2045 2106 non
2065 2059 2085 2104 a
2104 2035 2198 2128 prio·

393 2153 397 2165 '
431 2183 517 2244 rnm
536 2139 755 2240 seculorum
772 2159 964 2232 diuturnis
992 2158 1122 2229 studiis
1142 2159 1391 2256 molestisque
1414 2159 1636 2249 laboribus,
1670 2159 1733 2230 sed
1758 2154 1875 2235 inde'
1867 2183 1887 2232 a
1904 2159 2088 2234 Luthero
2109 2161 2196 2248 solo,

430 2287 594 2389 primaru
611 2287 801 2385 originem
820 2285 970 2362 traxisse
991 2285 1283 2379 contenderint,
1316 2283 1473 2358 illorum
1501 2283 1712 2380 sententie,
1749 2285 1931 2383 iuquam,
1965 2307 2052 2362 non
2071 2285 2195 2358 dicata

430 2418 561 2511 inepta
583 2427 687 2489 certe
700 2429 837 2494 ,tamen
856 2412 961 2484 omni
980 2411 1238 2486 humanarum
1264 2435 1393 2486 rerum
1422 2426 1582 2484 naturae
1607 2412 1899 2509 memoriaeque
1919 2411 2134 2490 adversaria
2150 2413 2194 2484 eit

433 2527 659 2642 enprorsus
688 2539 891 2650 contrarie.
944 2539 1050 2632 Quot
1081 2553 1120 2610 et
1146 2539 1281 2634 quenti
1310 2536 1383 2612 riri
1405 2543 1481 2612 iarn
1508 2558 1591 2613 non
1610 2539 1735 2642 multo
1761 2541 1846 2636 post
1864 2541 2102 2649 Gregoriutn
2127 2541 2192 2612 Vll

378 2739 382 2746 .
431 2671 576 2745 Pontis.
596 2669 643 2740 lb
660 2669 699 2740 in
719 2666 852 2738 multia
873 2681 1062 2736 terrarum
1090 2665 1186 2738 locis
1207 2663 1344 2761 etpost
1373 2681 1525 2742 renatas
1545 2667 1586 2738 in
1606 2667 1716 2738 Italia
1734 2666 1865 2738 literas
1887 2669 2066 2762 inprimis
2085 2670 2191 2739 etiem

430 2801 469 2870 in
487 2795 700 2895 Germania
716 2793 940 2864 enstiterunt
951 2841 961 2882 ‚
999 2791 1065 2886 qui
1081 2767 1266 2887 periculis
1282 2790 1492 2866 subeundis
1513 2810 1552 2864 et
1577 2795 1773 2866 aerumnis
1791 2793 2004 2866 tolerandis
2025 2793 2065 2866 id
2085 2793 2189 2866 modo

432 2927 672 3014 efficiebant,
696 2936 741 2994 ut
756 2918 982 3010 Germanis,
1017 2915 1152 2992 inlime
1176 2920 1283 2996 faece
1310 2941 1355 2990 ac
1380 2909 1735 2992 sordium'colluvie
1756 2921 1924 3010 abiecte,
1952 2921 2001 2994 ad
2023 2921 2191 3008 Lutberi,

432 3065 545 3149 quam
563 3042 766 3150 praetulit,
792 3045 1069 3138 secemaditus
1095 3045 1211 3118 latius
1236 3061 1395 3142 peteret.
1459 3049 1635 3143 Quorum
1664 3049 1890 3120 censumar
1913 3046 2080 3124 babeam
2109 3071 2188 3118 curn

428 3183 593 3254 nimium
611 3201 656 3251 ac
672 3179 833 3276 longum
853 3175 919 3264 stt,
948 3195 1070 3249 unum
1087 3173 1372 3266 tantummodo,
1398 3176 1509 3284 cuius
1529 3197 1673 3248 nomen
1696 3173 1819 3260 hqdie
1834 3175 2077 3247 celebratum
2097 3176 2190 3262 volo,

432 3308 725 3384 celeberrimum
748 3305 874 3374 tirum
893 3303 1081 3376 Ioannem
1099 3297 1390 3379 Reucblinum
1379 3323 1420 3370 ιιι
1438 3302 1663 3372 memoriam
1682 3325 1842 3378 revoco..
1891 3305 2128 3398 Neutiquam
2146 3299 2191 3370 elt

359 3423 534 3528 quod
554 3433 601 3504 de
619 3385 806 3524 Lutheri,
837 3453 900 3502 cur
890 3423 1091 3506 'summus
1110 3426 1237 3498 bonos
1258 3425 1435 3519 debetur,
1460 3427 1594 3525 gloria
1600 3451 1643 3498 ac
1661 3427 1863 3522 splendore
1881 3428 1974 3522 quid
1996 3429 2189 3521 decerpam

405 3601 481 3630 ·-
493 3561 585 3655 quis
604 3553 716 3632 ιιιιΙιιι
733 3555 891 3656 negabit
917 3579 1006 3665 enm
1035 3552 1209 3628 omniurn
1237 3553 1402 3626 maxime
1428 3551 1539 3624 fuisse
1565 3553 1735 3651 dignum
1756 3555 1864 3624 cuius
1885 3555 2030 3626 nomen
2051 3539 2188 3626 summo

400 3739 405 3750 .
430 3693 515 3760 iure
541 3693 644 3760 inter
659 3683 838 3758 homines
861 3641 1121 3780 principatum
1151 3681 1392 3770 obtinuerit?
1419 3717 1472 3738 -
1495 3681 1556 3750 led
1586 3681 1717 3788 potius
1744 3680 1780 3750 id
1800 3703 1821 3751 a
1838 3705 1899 3752 me
1926 3681 2033 3752 ellici
2050 3683 2134 3756 valo
2152 3697 2191 3748 ιιι

342 3821 376 3862 ’·
429 3811 714 3902 celeberrimis,
734 3811 817 3904 'qui
837 3825 920 3882 tum
945 3809 1143 3904 temporis
1163 3803 1364 3898 vixerunt,
1403 3807 1493 3878 viris
1519 3806 1685 3906 cognitis
1714 3830 1929 3902 eurumque
1955 3809 2086 3880 studiis
2112 3802 2189 3901 perf·

427 3935 565 4040 [pectis
591 3961 672 4012 non
696 3937 820 4012 solum
849 3929 975 4032 ipsum
1002 3933 1168 4008 Lutheri
1198 3933 1423 4034 ingenium,
1464 3947 1706 4028 quantopere
1734 3935 1892 4027 reliquis
1918 3933 2190 4070 antecelluerit,

426 4070 570 4143 rectius
588 4065 804 4160 veriusque
816 4063 1112 4162 cognoscemus,
1138 4059 1201 4131 sed
1220 4060 1336 4134 etiem
1354 4061 1439 4130 eius
1458 4062 1678 4159 ingentem,
1707 4059 1885 4154 quemad
1904 4063 2029 4134 nostra
2050 4079 2188 4154 tempo

427 4219 616 4290 reusque
640 4190 779 4268 babuit
803 4205 844 4261 et
869 4191 1146 4263 trauersum
1166 4185 1346 4274 habebit,
1372 4188 1449 4258 vim
1467 4201 1506 4258 et
1526 4187 1734 4280 eilicaciarn
1754 4209 1800 4256 eo
1819 4186 1941 4284 magis
1965 4167 2229 4263 admiremur

428 4340 467 4394 at
488 4319 665 4410 summis,
702 4291 843 4410 quibus
868 4317 1031 4412 perest,
1067 4285 1247 4386 laudibus
1276 4311 1460 4386 adsidere
1492 4335 1615 4405 usque
1643 4287 1867 4383 ereliemus.
1890 4314 2069 4410 Quodsi
2100 4309 2187 4384 milti

297 4449 304 4458 ’
416 4445 697 4524 concesseritis
713 4467 793 4516 non
813 4439 970 4548 dubito,
998 4441 1093 4535 quin
1115 4439 1231 4540 etiarn
1249 4437 1601 4528 addleuchlinum,
1628 4437 1716 4531 qui,
1734 4431 1846 4510 culti
1855 4437 2053 4512 Lutlrerus
2069 4442 2187 4536 surge·

427 4593 510 4668 ret,
538 4593 661 4670 paene
683 4568 948 4663 consenuerat,
973 4565 1219 4645 libentissime
1238 4587 1316 4638 una
1334 4583 1488 4636 mecum
1508 4563 1818 4637 oculosaestroe
1826 4565 2051 4684 animasque
2067 4565 2186 4636 adten-

428 4703 538 4776 datis.
592 4703 728 4793 Neque
747 4713 879 4771 tamen
902 4693 1058 4776 ιιιΙΙιΙΙιι
1082 4691 1210 4766 animo
1231 4691 1283 4762 est
1308 4705 1430 4763 totam
1448 4684 1621 4762 buius
1585 4691 1661 4762 vrri
1679 4693 1795 4762 vitam
1819 4673 2052 4782 describere,
2083 4683 2184 4782 quod

425 4821 617 4918 sitellam,
637 4825 824 4898 nascioau
841 4811 1031 4896 orationis
1052 4817 1212 4956 modurn
1232 4815 1489 4926 ειιιᾱειιιιιι
1503 4815 1573 4920 sed
1594 4842 1639 4890 ex
1568 4818 1834 5006 plurimis
1858 4821 1972 4890 unius
1989 4819 2104 4892 buius
2121 4816 2182 4886 tiri
