<?xml version="1.0" encoding="UTF-8"?>
<!DOCTYPE html PUBLIC "-//W3C//DTD XHTML 1.0 Transitional//EN"
    "http://www.w3.org/TR/xhtml1/DTD/xhtml1-transitional.dtd">
<html xmlns="http://www.w3.org/1999/xhtml" xml:lang="en" lang="en">
 <head>
  <title>
</title>
<meta http-equiv="Content-Type" content="text/html;charset=utf-8" />
  <meta name='ocr-system' content='tesseract 3.04.00' />
  <meta name='ocr-capabilities' content='ocr_page ocr_carea ocr_par ocr_line ocrx_word'/>
</head>
<body>
  <div class='ocr_page' id='page_1' title='image "./annalesacademia00jenagoog/annalesacademia00jenagoog_0401.png"; bbox 0 0 4788 5702; ppageno 0'>
   <div class='ocr_carea' id='block_1_1' title="bbox 1092 405 1481 580">
    <p class='ocr_par' dir='ltr' id='par_1_1' title="bbox 1092 405 1481 580">
     <span class='ocr_line' id='line_1_1' title="bbox 1092 405 1481 580; baseline -0.015 -45"><span class='ocrx_word' id='word_1_1' title='bbox 1092 405 1350 580; x_wconf 35' lang='grc' dir='ltr'><strong>ι·ϊΙ366</strong></span> <span class='ocrx_word' id='word_1_2' title='bbox 1428 477 1481 506; x_wconf 79' lang='grc'><strong>-·</strong></span> 
     </span>
    </p>
   </div>
   <div class='ocr_carea' id='block_1_2' title="bbox 422 567 2212 888">
    <p class='ocr_par' dir='ltr' id='par_1_2' title="bbox 422 567 2212 888">
     <span class='ocr_line' id='line_1_2' title="bbox 422 567 2212 756; baseline -0.012 -25"><span class='ocrx_word' id='word_1_3' title='bbox 422 682 556 756; x_wconf 85' lang='lat' dir='ltr'><strong>-usque</strong></span> <span class='ocrx_word' id='word_1_4' title='bbox 572 653 619 728; x_wconf 83' lang='lat' dir='ltr'><strong>ael</strong></span> <span class='ocrx_word' id='word_1_5' title='bbox 634 643 849 724; x_wconf 82' lang='lat' dir='ltr'><strong>mamuralia</strong></span> <span class='ocrx_word' id='word_1_6' title='bbox 867 635 1007 738; x_wconf 81' lang='lat' dir='ltr'><strong>magis,</strong></span> <span class='ocrx_word' id='word_1_7' title='bbox 1043 631 1272 732; x_wconf 88' lang='lat' dir='ltr'><strong>magisquea</strong></span> <span class='ocrx_word' id='word_1_8' title='bbox 1293 629 1499 726; x_wconf 76' lang='lat' dir='ltr'><strong>peripheria</strong></span> <span class='ocrx_word' id='word_1_9' title='bbox 1524 567 1570 707; x_wconf 84' lang='lat' dir='ltr'><strong>ad</strong></span> <span class='ocrx_word' id='word_1_10' title='bbox 1596 646 1768 704; x_wconf 77' lang='lat' dir='ltr'><strong>centrum</strong></span> <span class='ocrx_word' id='word_1_11' title='bbox 1792 627 2014 722; x_wconf 87' lang='lat' dir='ltr'><strong>increscere,</strong></span> <span class='ocrx_word' id='word_1_12' title='bbox 2056 630 2212 736; x_wconf 81' lang='lat' dir='ltr'><strong>augeri·</strong></span> 
     </span>
     <span class='ocr_line' id='line_1_3' title="bbox 437 749 2209 888; baseline -0.016 -29"><span class='ocrx_word' id='word_1_13' title='bbox 437 811 510 888; x_wconf 87' lang='lat' dir='ltr'><strong>que</strong></span> <span class='ocrx_word' id='word_1_14' title='bbox 532 779 744 856; x_wconf 88' lang='lat' dir='ltr'><strong>latitudine.</strong></span> <span class='ocrx_word' id='word_1_15' title='bbox 795 777 840 844; x_wconf 92' lang='lat' dir='ltr'><strong>In</strong></span> <span class='ocrx_word' id='word_1_16' title='bbox 866 762 1168 842; x_wconf 88' lang='lat' dir='ltr'><strong>mammalibus&#39;</strong></span> <span class='ocrx_word' id='word_1_17' title='bbox 1157 761 1274 858; x_wconf 80' lang='lat' dir='ltr'><strong>igitur</strong></span> <span class='ocrx_word' id='word_1_18' title='bbox 1300 757 1364 860; x_wconf 81' lang='lat' dir='ltr'><strong>iris</strong></span> <span class='ocrx_word' id='word_1_19' title='bbox 1389 749 1563 874; x_wconf 76' lang='lat' dir='ltr'><strong>centrtim</strong></span> <span class='ocrx_word' id='word_1_20' title='bbox 1589 759 1756 856; x_wconf 84' lang='lat' dir='ltr'><strong>pupillas</strong></span> <span class='ocrx_word' id='word_1_21' title='bbox 1782 757 2000 855; x_wconf 72' lang='lat' dir='ltr'><strong>assequitur,</strong></span> <span class='ocrx_word' id='word_1_22' title='bbox 2036 764 2172 860; x_wconf 81' lang='lat' dir='ltr'><strong>quod·</strong></span> <span class='ocrx_word' id='word_1_23' title='bbox 2158 787 2209 846; x_wconf 77' lang='lat' dir='ltr'><strong>m</strong></span> 
     </span>
    </p>
   </div>
   <div class='ocr_carea' id='block_1_3' title="bbox 311 853 2215 990">
    <p class='ocr_par' dir='ltr' id='par_1_3' title="bbox 311 853 2215 990">
     <span class='ocr_line' id='line_1_4' title="bbox 311 853 2215 990; baseline -0.016 2"><span class='ocrx_word' id='word_1_24' title='bbox 311 892 318 906; x_wconf 44' lang='lat'><strong>⁹</strong></span> <span class='ocrx_word' id='word_1_25' title='bbox 401 871 675 990; x_wconf 76' lang='lat' dir='ltr'><strong>&#39;inferioribus</strong></span> <span class='ocrx_word' id='word_1_26' title='bbox 704 899 1000 977; x_wconf 86' lang='lat' dir='ltr'><strong>vertebratorum</strong></span> <span class='ocrx_word' id='word_1_27' title='bbox 1027 887 1198 964; x_wconf 79' lang='lat' dir='ltr'><strong>classibus</strong></span> <span class='ocrx_word' id='word_1_28' title='bbox 1226 853 1492 958; x_wconf 82' lang='lat' dir='ltr'><strong>tantummodo</strong></span> <span class='ocrx_word' id='word_1_29' title='bbox 1519 877 1843 965; x_wconf 81' lang='lat' dir='ltr'><strong>assectaterat.-</strong></span> <span class='ocrx_word' id='word_1_30' title='bbox 1869 888 1916 958; x_wconf 87' lang='lat' dir='ltr'><strong>Si</strong></span> <span class='ocrx_word' id='word_1_31' title='bbox 1922 889 2095 981; x_wconf 76' lang='lat' dir='ltr'><strong>plantam</strong></span> <span class='ocrx_word' id='word_1_32' title='bbox 2113 897 2215 966; x_wconf 66' lang='lat' dir='ltr'><strong>coni</strong></span> 
     </span>
    </p>
   </div>
   <div class='ocr_carea' id='block_1_4' title="bbox 374 1007 2223 1266">
    <p class='ocr_par' dir='ltr' id='par_1_4' title="bbox 374 1007 2223 1257">
     <span class='ocr_line' id='line_1_5' title="bbox 435 1007 2223 1148; baseline -0.041 -30"><span class='ocrx_word' id='word_1_33' title='bbox 435 1037 641 1140; x_wconf 82' lang='lat' dir='ltr'><strong>tenrplaris,</strong></span> <span class='ocrx_word' id='word_1_34' title='bbox 669 1031 798 1106; x_wconf 86' lang='lat' dir='ltr'><strong>eadem</strong></span> <span class='ocrx_word' id='word_1_35' title='bbox 817 1016 1126 1148; x_wconf 79' lang='lat' dir='ltr'><strong>mesamorpholis</strong></span> <span class='ocrx_word' id='word_1_36' title='bbox 1146 1033 1274 1088; x_wconf 88' lang='lat' dir='ltr'><strong>motus</strong></span> <span class='ocrx_word' id='word_1_37' title='bbox 1291 1011 1340 1086; x_wconf 91' lang='lat' dir='ltr'><strong>se</strong></span> <span class='ocrx_word' id='word_1_38' title='bbox 1348 1007 1469 1088; x_wconf 77' lang='lat' dir='ltr'><strong>offert.</strong></span> <span class='ocrx_word' id='word_1_39' title='bbox 1516 1011 1678 1106; x_wconf 65' lang='lat' dir='ltr'><strong>Aper-150</strong></span> <span class='ocrx_word' id='word_1_40' title='bbox 1696 1013 1796 1093; x_wconf 59' lang='lat' dir='ltr'><strong>gnam</strong></span> <span class='ocrx_word' id='word_1_41' title='bbox 1815 1011 2007 1093; x_wconf 79' lang='lat' dir='ltr'><strong>ssorlsf</strong></span> <span class='ocrx_word' id='word_1_42' title='bbox 1936 1031 1973 1086; x_wconf 87' lang='lat' dir='ltr'><strong>et</strong></span> <span class='ocrx_word' id='word_1_43' title='bbox 1988 1015 2084 1106; x_wconf 47' lang='lat' dir='ltr'><strong>solu·</strong></span> <span class='ocrx_word' id='word_1_44' title='bbox 2110 1015 2223 1114; x_wconf 23' lang='lat' dir='ltr'><strong>qma.</strong></span> 
     </span>
     <span class='ocr_line' id='line_1_6' title="bbox 374 1137 2212 1266; baseline -0.019 -19"><span class='ocrx_word' id='word_1_45' title='bbox 374 1248 378 1256; x_wconf 82' lang='grc'><em>,</em></span> <span class='ocrx_word' id='word_1_46' title='bbox 433 1168 538 1245; x_wconf 89' lang='lat' dir='ltr'><strong>aliud</strong></span> <span class='ocrx_word' id='word_1_47' title='bbox 564 1161 632 1251; x_wconf 80' lang='lat' dir='ltr'><strong>est,</strong></span> <span class='ocrx_word' id='word_1_48' title='bbox 670 1181 782 1257; x_wconf 89' lang='lat' dir='ltr'><strong>quam</strong></span> <span class='ocrx_word' id='word_1_49' title='bbox 809 1139 988 1227; x_wconf 78' lang='lat' dir='ltr'>transitus</span> <span class='ocrx_word' id='word_1_50' title='bbox 1015 1149 1165 1266; x_wconf 78' lang='lat' dir='ltr'>plantae</span> <span class='ocrx_word' id='word_1_51' title='bbox 1186 1169 1205 1216; x_wconf 92' lang='lat' dir='ltr'><strong>a</strong></span> <span class='ocrx_word' id='word_1_52' title='bbox 1226 1141 1390 1216; x_wconf 86' lang='lat' dir='ltr'><strong>slexioue</strong></span> <span class='ocrx_word' id='word_1_53' title='bbox 1414 1139 1461 1214; x_wconf 88' lang='lat' dir='ltr'><strong>ad</strong></span> <span class='ocrx_word' id='word_1_54' title='bbox 1483 1137 1760 1230; x_wconf 82' lang='lat' dir='ltr'><strong>extensionem,</strong></span> <span class='ocrx_word' id='word_1_55' title='bbox 1799 1139 1890 1236; x_wconf 86' lang='lat' dir='ltr'><strong>quid</strong></span> <span class='ocrx_word' id='word_1_56' title='bbox 1919 1139 2021 1216; x_wconf 89' lang='lat' dir='ltr'><strong>aliud</strong></span> <span class='ocrx_word' id='word_1_57' title='bbox 2040 1141 2212 1242; x_wconf 86' lang='lat' dir='ltr'><strong>denique</strong></span> 
     </span>
    </p>
   </div>
   <div class='ocr_carea' id='block_1_5' title="bbox 360 1249 2267 2026">
    <p class='ocr_par' dir='ltr' id='par_1_5' title="bbox 425 1249 1431 1380">
     <span class='ocr_line' id='line_1_7' title="bbox 425 1249 1431 1380; baseline -0.038 -5"><span class='ocrx_word' id='word_1_58' title='bbox 425 1299 673 1374; x_wconf 87' lang='lat' dir='ltr'><strong>anthararum</strong></span> <span class='ocrx_word' id='word_1_59' title='bbox 690 1284 877 1380; x_wconf 76' lang='lat' dir='ltr'><strong>diruptio,</strong></span> <span class='ocrx_word' id='word_1_60' title='bbox 905 1301 1017 1378; x_wconf 87' lang='lat' dir='ltr'><strong>quam</strong></span> <span class='ocrx_word' id='word_1_61' title='bbox 1033 1249 1208 1370; x_wconf 77' lang='grc' dir='ltr'>ιιιιιιιιιιο</span> <span class='ocrx_word' id='word_1_62' title='bbox 1229 1265 1342 1342; x_wconf 71' lang='lat' dir='ltr'><strong>soliis</strong></span> <span class='ocrx_word' id='word_1_63' title='bbox 1429 1344 1431 1357; x_wconf 34' lang='lat'><strong>¹</strong></span> 
     </span>
    </p>

    <p class='ocr_par' dir='ltr' id='par_1_6' title="bbox 360 1397 2267 2026">
     <span class='ocr_line' id='line_1_8' title="bbox 360 1397 1868 1501; baseline -0.01 -5"><span class='ocrx_word' id='word_1_64' title='bbox 360 1409 367 1416; x_wconf 85' lang='grc'><strong>’</strong></span> <span class='ocrx_word' id='word_1_65' title='bbox 597 1485 600 1501; x_wconf 90' lang='grc'>,</span> <span class='ocrx_word' id='word_1_66' title='bbox 846 1481 851 1492; x_wconf 91' lang='grc'><strong>.</strong></span> <span class='ocrx_word' id='word_1_67' title='bbox 1250 1399 1286 1486; x_wconf 83' lang='lat'><strong>§-</strong></span> <span class='ocrx_word' id='word_1_68' title='bbox 1349 1397 1384 1466; x_wconf 87' lang='lat'><strong>6.</strong></span> <span class='ocrx_word' id='word_1_69' title='bbox 1712 1469 1718 1486; x_wconf 88' lang='lat'><em>,</em></span> <span class='ocrx_word' id='word_1_70' title='bbox 1863 1472 1868 1481; x_wconf 94' lang='lat'><strong>.</strong></span> 
     </span>
     <span class='ocr_line' id='line_1_9' title="bbox 511 1479 2267 1626; baseline -0.017 0.402"><span class='ocrx_word' id='word_1_71' title='bbox 511 1557 643 1626; x_wconf 89' lang='lat' dir='ltr'><strong>Non</strong></span> <span class='ocrx_word' id='word_1_72' title='bbox 652 1545 773 1621; x_wconf 89' lang='lat' dir='ltr'><strong>solum</strong></span> <span class='ocrx_word' id='word_1_73' title='bbox 797 1554 925 1612; x_wconf 88' lang='lat' dir='ltr'><strong>autem</strong></span> <span class='ocrx_word' id='word_1_74' title='bbox 946 1483 1185 1604; x_wconf 80' lang='lat' dir='ltr'><strong>individuum</strong></span> <span class='ocrx_word' id='word_1_75' title='bbox 1195 1518 1433 1624; x_wconf 79' lang='lat' dir='ltr'><strong>organidum</strong></span> <span class='ocrx_word' id='word_1_76' title='bbox 1464 1523 1668 1596; x_wconf 75' lang='lat' dir='ltr'><strong>transitum</strong></span> <span class='ocrx_word' id='word_1_77' title='bbox 1688 1545 1707 1596; x_wconf 87' lang='lat' dir='ltr'><strong>a</strong></span> <span class='ocrx_word' id='word_1_78' title='bbox 1726 1479 1985 1612; x_wconf 79' lang='lat' dir='ltr'><strong>contractione</strong></span> <span class='ocrx_word' id='word_1_79' title='bbox 2005 1516 2065 1597; x_wconf 92' lang='lat' dir='ltr'><strong>ad</strong></span> <span class='ocrx_word' id='word_1_80' title='bbox 2068 1545 2213 1620; x_wconf 80' lang='lat' dir='ltr'><strong>expart-</strong></span> <span class='ocrx_word' id='word_1_81' title='bbox 2261 1506 2267 1516; x_wconf 44' lang='lat'><strong>¹</strong></span> 
     </span>
     <span class='ocr_line' id='line_1_10' title="bbox 434 1629 2212 1762; baseline -0.019 -4"><span class='ocrx_word' id='word_1_82' title='bbox 434 1685 576 1762; x_wconf 78' lang='lat' dir='ltr'><strong>sionem</strong></span> <span class='ocrx_word' id='word_1_83' title='bbox 600 1667 799 1758; x_wconf 83' lang='lat' dir='ltr'><strong>monstrat,</strong></span> <span class='ocrx_word' id='word_1_84' title='bbox 825 1687 957 1740; x_wconf 84' lang='lat' dir='ltr'><strong>verum</strong></span> <span class='ocrx_word' id='word_1_85' title='bbox 975 1665 1017 1734; x_wconf 90' lang='lat' dir='ltr'><strong>in</strong></span> <span class='ocrx_word' id='word_1_86' title='bbox 1036 1657 1288 1758; x_wconf 81' lang='lat' dir='ltr'><strong>organismo</strong></span> <span class='ocrx_word' id='word_1_87' title='bbox 1281 1649 1434 1726; x_wconf 81' lang='lat' dir='ltr'><strong>animali</strong></span> <span class='ocrx_word' id='word_1_88' title='bbox 1461 1649 1658 1727; x_wconf 87' lang='lat' dir='ltr'><strong>universali</strong></span> <span class='ocrx_word' id='word_1_89' title='bbox 1672 1629 1776 1734; x_wconf 86' lang='lat' dir='ltr'><strong>seu&#39;</strong></span> <span class='ocrx_word' id='word_1_90' title='bbox 1765 1674 1806 1726; x_wconf 90' lang='grc' dir='ltr'><strong>ιιι</strong></span> <span class='ocrx_word' id='word_1_91' title='bbox 1825 1673 1941 1754; x_wconf 76' lang='lat' dir='ltr'><strong>regam</strong></span> <span class='ocrx_word' id='word_1_92' title='bbox 1964 1669 2047 1738; x_wconf 83' lang='lat' dir='ltr'><strong>toto</strong></span> <span class='ocrx_word' id='word_1_93' title='bbox 2062 1653 2212 1726; x_wconf 83' lang='lat' dir='ltr'><strong>anima·</strong></span> 
     </span>
     <span class='ocr_line' id='line_1_11' title="bbox 436 1775 2211 1884; baseline -0.023 0"><span class='ocrx_word' id='word_1_94' title='bbox 436 1815 530 1884; x_wconf 89' lang='lat' dir='ltr'><strong>lium</strong></span> <span class='ocrx_word' id='word_1_95' title='bbox 551 1805 681 1881; x_wconf 81' lang='lat' dir='ltr'><strong>eadem</strong></span> <span class='ocrx_word' id='word_1_96' title='bbox 696 1803 759 1878; x_wconf 85' lang='lat' dir='ltr'><strong>lex</strong></span> <span class='ocrx_word' id='word_1_97' title='bbox 775 1789 933 1870; x_wconf 79' lang='lat' dir='ltr'><strong>confiat.</strong></span> <span class='ocrx_word' id='word_1_98' title='bbox 986 1787 1073 1860; x_wconf 91' lang='lat' dir='ltr'><strong>Dici</strong></span> <span class='ocrx_word' id='word_1_99' title='bbox 1099 1779 1242 1880; x_wconf 69' lang='lat' dir='ltr'><strong>potest,</strong></span> <span class='ocrx_word' id='word_1_100' title='bbox 1277 1801 1354 1878; x_wconf 91' lang='lat' dir='ltr'><strong>quo</strong></span> <span class='ocrx_word' id='word_1_101' title='bbox 1377 1775 1547 1854; x_wconf 79' lang='lat' dir='ltr'>nobilius</span> <span class='ocrx_word' id='word_1_102' title='bbox 1564 1775 1609 1850; x_wconf 80' lang='lat' dir='ltr'><strong>st&#39;t</strong></span> <span class='ocrx_word' id='word_1_103' title='bbox 1634 1780 1792 1872; x_wconf 83' lang='lat' dir='ltr'><strong>animal,</strong></span> <span class='ocrx_word' id='word_1_104' title='bbox 1820 1781 2007 1882; x_wconf 69' lang='lat' dir='ltr'><strong>contagia</strong></span> <span class='ocrx_word' id='word_1_105' title='bbox 2026 1782 2068 1870; x_wconf 75' lang='lat' dir='ltr'><strong>in</strong></span> <span class='ocrx_word' id='word_1_106' title='bbox 2086 1775 2211 1854; x_wconf 69' lang='lat' dir='ltr'><strong>eme·</strong></span> 
     </span>
     <span class='ocr_line' id='line_1_12' title="bbox 436 1903 2235 2026; baseline -0.025 -14"><span class='ocrx_word' id='word_1_107' title='bbox 436 1933 631 2010; x_wconf 89' lang='lat' dir='ltr'><strong>mitatibus</strong></span> <span class='ocrx_word' id='word_1_108' title='bbox 650 1923 862 2026; x_wconf 65' lang='lat' dir='ltr'><strong>praevalere</strong></span> <span class='ocrx_word' id='word_1_109' title='bbox 881 1913 1148 2006; x_wconf 68' lang='lat' dir='ltr'><strong>extensionem,</strong></span> <span class='ocrx_word' id='word_1_110' title='bbox 1183 1906 1462 2008; x_wconf 45' lang='lat' dir='ltr'><strong>‚Horiaontalis</strong></span> <span class='ocrx_word' id='word_1_111' title='bbox 1482 1907 1582 1977; x_wconf 88' lang='lat' dir='ltr'><strong>enim</strong></span> <span class='ocrx_word' id='word_1_112' title='bbox 1602 1909 1860 1982; x_wconf 88' lang='lat' dir='ltr'><strong>mammalium</strong></span> <span class='ocrx_word' id='word_1_113' title='bbox 1881 1926 1950 1982; x_wconf 86' lang='lat' dir='ltr'><strong>ete.</strong></span> <span class='ocrx_word' id='word_1_114' title='bbox 1968 1903 2081 1982; x_wconf 80' lang='lat' dir='ltr'><strong>statua</strong></span> <span class='ocrx_word' id='word_1_115' title='bbox 2102 1905 2211 1978; x_wconf 85' lang='lat' dir='ltr'><strong>debi.</strong></span> <span class='ocrx_word' id='word_1_116' title='bbox 2233 1929 2235 1936; x_wconf 95' lang='lat'>·</span> 
     </span>
    </p>
   </div>
   <div class='ocr_carea' id='block_1_6' title="bbox 186 2031 2211 2156">
    <p class='ocr_par' dir='ltr' id='par_1_7' title="bbox 186 2031 2211 2156">
     <span class='ocr_line' id='line_1_13' title="bbox 186 2031 2211 2156; baseline -0.014 -22"><span class='ocrx_word' id='word_1_117' title='bbox 186 2125 190 2134; x_wconf 89' lang='grc'><em>,</em></span> <span class='ocrx_word' id='word_1_118' title='bbox 266 2033 275 2048; x_wconf 46' lang='grc'><em>“</em></span> <span class='ocrx_word' id='word_1_119' title='bbox 323 2139 327 2156; x_wconf 60' lang='grc'><em>,</em></span> <span class='ocrx_word' id='word_1_120' title='bbox 379 2097 387 2115; x_wconf 81' lang='lat'><em>·</em></span> <span class='ocrx_word' id='word_1_121' title='bbox 435 2056 549 2138; x_wconf 92' lang='lat' dir='ltr'><strong>litate</strong></span> <span class='ocrx_word' id='word_1_122' title='bbox 559 2075 707 2134; x_wconf 89' lang='lat' dir='ltr'><strong>tantum</strong></span> <span class='ocrx_word' id='word_1_123' title='bbox 720 2049 961 2127; x_wconf 74' lang='lat' dir='ltr'><strong>ostensorum</strong></span> <span class='ocrx_word' id='word_1_124' title='bbox 977 2038 1188 2138; x_wconf 74' lang='lat' dir='ltr'><strong>posterioris</strong></span> <span class='ocrx_word' id='word_1_125' title='bbox 1207 2033 1453 2124; x_wconf 77' lang='lat' dir='ltr'><strong>extremitatis</strong></span> <span class='ocrx_word' id='word_1_126' title='bbox 1476 2031 1709 2128; x_wconf 82' lang='lat' dir='ltr'><strong>producitur.</strong></span> <span class='ocrx_word' id='word_1_127' title='bbox 1761 2039 1809 2108; x_wconf 88' lang='lat' dir='ltr'><strong>In</strong></span> <span class='ocrx_word' id='word_1_128' title='bbox 1830 2035 1907 2110; x_wconf 86' lang='lat' dir='ltr'><strong>line</strong></span> <span class='ocrx_word' id='word_1_129' title='bbox 1924 2036 2076 2111; x_wconf 85' lang='lat' dir='ltr'><strong>demum</strong></span> <span class='ocrx_word' id='word_1_130' title='bbox 2097 2035 2211 2134; x_wconf 89' lang='lat' dir='ltr'><strong>regni</strong></span> 
     </span>
    </p>
   </div>
   <div class='ocr_carea' id='block_1_7' title="bbox 350 2159 2271 2672">
    <p class='ocr_par' dir='ltr' id='par_1_8' title="bbox 350 2159 2271 2556">
     <span class='ocr_line' id='line_1_14' title="bbox 436 2159 2212 2292; baseline -0.019 -26"><span class='ocrx_word' id='word_1_131' title='bbox 436 2191 605 2292; x_wconf 77' lang='lat' dir='ltr'><strong>organici</strong></span> <span class='ocrx_word' id='word_1_132' title='bbox 594 2179 783 2282; x_wconf 84' lang='lat' dir='ltr'><strong>pe‘rfetta</strong></span> <span class='ocrx_word' id='word_1_133' title='bbox 798 2176 1078 2260; x_wconf 81' lang='lat' dir='ltr'><strong>extremitatum</strong></span> <span class='ocrx_word' id='word_1_134' title='bbox 1095 2162 1261 2258; x_wconf 75' lang='lat' dir='ltr'><strong>extensio</strong></span> <span class='ocrx_word' id='word_1_135' title='bbox 1279 2159 1408 2239; x_wconf 87' lang='lat' dir='ltr'><strong>stando</strong></span> <span class='ocrx_word' id='word_1_136' title='bbox 1429 2161 1598 2234; x_wconf 87' lang='lat' dir='ltr'><strong>nascitur</strong></span> <span class='ocrx_word' id='word_1_137' title='bbox 1614 2163 1654 2232; x_wconf 91' lang='lat' dir='ltr'><strong>in</strong></span> <span class='ocrx_word' id='word_1_138' title='bbox 1670 2159 1785 2238; x_wconf 85' lang='lat' dir='ltr'><strong>simiis</strong></span> <span class='ocrx_word' id='word_1_139' title='bbox 1805 2181 1843 2236; x_wconf 88' lang='lat' dir='ltr'><strong>at</strong></span> <span class='ocrx_word' id='word_1_140' title='bbox 1860 2165 2025 2238; x_wconf 91' lang='lat' dir='ltr'><strong>bomine.</strong></span> <span class='ocrx_word' id='word_1_141' title='bbox 2079 2167 2212 2242; x_wconf 77' lang='lat' dir='ltr'><strong>status</strong></span> 
     </span>
     <span class='ocr_line' id='line_1_15' title="bbox 435 2260 2210 2410; baseline -0.019 -14"><span class='ocrx_word' id='word_1_142' title='bbox 435 2339 583 2396; x_wconf 85' lang='lat' dir='ltr'><strong>erectus</strong></span> <span class='ocrx_word' id='word_1_143' title='bbox 610 2335 699 2410; x_wconf 86' lang='lat' dir='ltr'><strong>ergo</strong></span> <span class='ocrx_word' id='word_1_144' title='bbox 718 2311 760 2384; x_wconf 90' lang='lat' dir='ltr'><strong>in</strong></span> <span class='ocrx_word' id='word_1_145' title='bbox 779 2323 896 2404; x_wconf 85' lang='lat' dir='ltr'><strong>regno</strong></span> <span class='ocrx_word' id='word_1_146' title='bbox 923 2298 1079 2376; x_wconf 85' lang='lat' dir='ltr'><strong>animali</strong></span> <span class='ocrx_word' id='word_1_147' title='bbox 1098 2294 1283 2369; x_wconf 78' lang='lat' dir='ltr'><strong>indicium</strong></span> <span class='ocrx_word' id='word_1_148' title='bbox 1309 2290 1496 2364; x_wconf 84' lang='lat' dir='ltr'><strong>maximae</strong></span> <span class='ocrx_word' id='word_1_149' title='bbox 1523 2287 1760 2384; x_wconf 77' lang='lat' dir='ltr'><strong>expansionis</strong></span> <span class='ocrx_word' id='word_1_150' title='bbox 1789 2287 1930 2364; x_wconf 83' lang='lat' dir='ltr'><strong>est.-</strong></span> <span class='ocrx_word' id='word_1_151' title='bbox 1957 2260 2056 2366; x_wconf 69' lang='lat' dir='ltr'><strong>suni</strong></span> <span class='ocrx_word' id='word_1_152' title='bbox 2080 2309 2210 2364; x_wconf 88' lang='lat' dir='ltr'><strong>autem</strong></span> 
     </span>
     <span class='ocr_line' id='line_1_16' title="bbox 350 2414 2271 2556; baseline -0.018 -34"><span class='ocrx_word' id='word_1_153' title='bbox 350 2543 361 2556; x_wconf 72' lang='lat'><em>,</em></span> <span class='ocrx_word' id='word_1_154' title='bbox 436 2465 623 2550; x_wconf 80' lang='lat' dir='ltr'><strong>praeterea</strong></span> <span class='ocrx_word' id='word_1_155' title='bbox 648 2439 767 2512; x_wconf 85' lang='lat' dir='ltr'><strong>multa</strong></span> <span class='ocrx_word' id='word_1_156' title='bbox 792 2431 965 2512; x_wconf 81' lang='lat' dir='ltr'><strong>animalia</strong></span> <span class='ocrx_word' id='word_1_157' title='bbox 991 2423 1178 2514; x_wconf 77' lang='lat' dir='ltr'><strong>inferioris</strong></span> <span class='ocrx_word' id='word_1_158' title='bbox 1204 2419 1374 2506; x_wconf 84' lang='lat' dir='ltr'><strong>ordinis,</strong></span> <span class='ocrx_word' id='word_1_159' title='bbox 1409 2441 1505 2512; x_wconf 89' lang='lat' dir='ltr'><strong>quae</strong></span> <span class='ocrx_word' id='word_1_160' title='bbox 1533 2433 1710 2510; x_wconf 88' lang='lat' dir='ltr'><strong>caputet</strong></span> <span class='ocrx_word' id='word_1_161' title='bbox 1736 2440 1779 2488; x_wconf 88' lang='lat' dir='ltr'><strong>os</strong></span> <span class='ocrx_word' id='word_1_162' title='bbox 1809 2417 1854 2490; x_wconf 89' lang='lat' dir='ltr'><strong>ad</strong></span> <span class='ocrx_word' id='word_1_163' title='bbox 1881 2414 2015 2495; x_wconf 75' lang='lat' dir='ltr'><strong>terratis</strong></span> <span class='ocrx_word' id='word_1_164' title='bbox 2038 2437 2208 2508; x_wconf 81' lang='lat' dir='ltr'><strong>vertunt,</strong></span> <span class='ocrx_word' id='word_1_165' title='bbox 2267 2449 2271 2458; x_wconf 95' lang='lat'>·</span> 
     </span>
    </p>

    <p class='ocr_par' dir='ltr' id='par_1_9' title="bbox 437 2541 2214 2672">
     <span class='ocr_line' id='line_1_17' title="bbox 437 2541 2214 2672; baseline -0.017 -23"><span class='ocrx_word' id='word_1_166' title='bbox 437 2601 511 2649; x_wconf 82' lang='lat' dir='ltr'><strong>ano</strong></span> <span class='ocrx_word' id='word_1_167' title='bbox 528 2589 681 2656; x_wconf 86' lang='lat' dir='ltr'><strong>cantra,</strong></span> <span class='ocrx_word' id='word_1_168' title='bbox 713 2559 901 2650; x_wconf 87' lang='lat' dir='ltr'><strong>branchiis</strong></span> <span class='ocrx_word' id='word_1_169' title='bbox 924 2575 961 2630; x_wconf 87' lang='lat' dir='ltr'><strong>et</strong></span> <span class='ocrx_word' id='word_1_170' title='bbox 988 2549 1218 2672; x_wconf 81' lang='lat' dir='ltr'><strong>genitalibus</strong></span> <span class='ocrx_word' id='word_1_171' title='bbox 1241 2545 1382 2618; x_wconf 88' lang='lat' dir='ltr'><strong>sursum</strong></span> <span class='ocrx_word' id='word_1_172' title='bbox 1407 2543 1555 2616; x_wconf 85' lang='lat' dir='ltr'><strong>directis</strong></span> <span class='ocrx_word' id='word_1_173' title='bbox 1584 2545 1893 2646; x_wconf 83' lang='lat' dir='ltr'><strong>(Cephalopoda,</strong></span> <span class='ocrx_word' id='word_1_174' title='bbox 1921 2541 2093 2622; x_wconf 78' lang='lat' dir='ltr'><strong>Tefiscea</strong></span> <span class='ocrx_word' id='word_1_175' title='bbox 2110 2547 2214 2622; x_wconf 87' lang='lat' dir='ltr'><strong>mul·</strong></span> 
     </span>
    </p>
   </div>
   <div class='ocr_carea' id='block_1_8' title="bbox 295 2655 2212 2790">
    <p class='ocr_par' dir='ltr' id='par_1_10' title="bbox 295 2655 2212 2790">
     <span class='ocr_line' id='line_1_18' title="bbox 295 2655 2212 2790; baseline -0.016 -11"><span class='ocrx_word' id='word_1_176' title='bbox 295 2667 299 2683; x_wconf 66' lang='lat'><strong>.</strong></span> <span class='ocrx_word' id='word_1_177' title='bbox 383 2773 385 2779; x_wconf 81' lang='grc'>,</span> <span class='ocrx_word' id='word_1_178' title='bbox 437 2723 495 2790; x_wconf 81' lang='lat' dir='ltr'><strong>ta,</strong></span> <span class='ocrx_word' id='word_1_179' title='bbox 522 2695 711 2776; x_wconf 86' lang='lat' dir='ltr'><strong>Medusae</strong></span> <span class='ocrx_word' id='word_1_180' title='bbox 716 2687 926 2764; x_wconf 76' lang='lat' dir='ltr'><strong>nonntdlae</strong></span> <span class='ocrx_word' id='word_1_181' title='bbox 944 2685 1031 2774; x_wconf 81' lang='grc' dir='ltr'>ιιι.)</span> <span class='ocrx_word' id='word_1_182' title='bbox 1086 2671 1258 2777; x_wconf 83' lang='lat' dir='ltr'><strong>Quorum</strong></span> <span class='ocrx_word' id='word_1_183' title='bbox 1281 2670 1416 2773; x_wconf 81' lang='lat' dir='ltr'><strong>ilatum</strong></span> <span class='ocrx_word' id='word_1_184' title='bbox 1439 2669 1614 2746; x_wconf 85' lang='lat' dir='ltr'><strong>om‘nium</strong></span> <span class='ocrx_word' id='word_1_185' title='bbox 1643 2671 1807 2746; x_wconf 84' lang='lat' dir='ltr'><strong>maxime</strong></span> <span class='ocrx_word' id='word_1_186' title='bbox 1830 2671 2049 2749; x_wconf 81' lang='lat' dir='ltr'><strong>inferiorem</strong></span> <span class='ocrx_word' id='word_1_187' title='bbox 2068 2655 2212 2750; x_wconf 87' lang='lat' dir='ltr'><strong>haben·</strong></span> 
     </span>
    </p>
   </div>
   <div class='ocr_carea' id='block_1_9' title="bbox 375 2783 2212 3174">
    <p class='ocr_par' dir='ltr' id='par_1_11' title="bbox 375 2783 2212 3174">
     <span class='ocr_line' id='line_1_19' title="bbox 438 2783 2211 2924; baseline -0.015 -19"><span class='ocrx_word' id='word_1_188' title='bbox 438 2835 528 2904; x_wconf 91' lang='lat' dir='ltr'><strong>dum</strong></span> <span class='ocrx_word' id='word_1_189' title='bbox 544 2823 778 2924; x_wconf 85' lang='lat' dir='ltr'><strong>putaverim,</strong></span> <span class='ocrx_word' id='word_1_190' title='bbox 805 2815 946 2916; x_wconf 85' lang='lat' dir='ltr'><strong>quippe</strong></span> <span class='ocrx_word' id='word_1_191' title='bbox 959 2811 1028 2908; x_wconf 80' lang='lat' dir='ltr'><strong>qui</strong></span> <span class='ocrx_word' id='word_1_192' title='bbox 1047 2807 1160 2903; x_wconf 86' lang='lat' dir='ltr'><strong>plana</strong></span> <span class='ocrx_word' id='word_1_193' title='bbox 1183 2798 1380 2900; x_wconf 84' lang='lat' dir='ltr'><strong>oppositus</strong></span> <span class='ocrx_word' id='word_1_194' title='bbox 1405 2795 1456 2874; x_wconf 86' lang='lat' dir='ltr'><strong>est</strong></span> <span class='ocrx_word' id='word_1_195' title='bbox 1471 2798 1635 2874; x_wconf 83' lang='lat' dir='ltr'><strong>maxima</strong></span> <span class='ocrx_word' id='word_1_196' title='bbox 1656 2783 1856 2895; x_wconf 78' lang='lat' dir='ltr'><strong>expaniiro</strong></span> <span class='ocrx_word' id='word_1_197' title='bbox 1876 2799 2044 2876; x_wconf 86' lang='lat' dir='ltr'><strong>hominis</strong></span> <span class='ocrx_word' id='word_1_198' title='bbox 2061 2816 2098 2878; x_wconf 90' lang='lat' dir='ltr'><strong>et</strong></span> <span class='ocrx_word' id='word_1_199' title='bbox 2113 2809 2211 2902; x_wconf 63' lang='lat' dir='ltr'><strong>quoi</strong></span> 
     </span>
     <span class='ocr_line' id='line_1_20' title="bbox 436 2926 2212 3046; baseline -0.019 -13"><span class='ocrx_word' id='word_1_200' title='bbox 436 2951 703 3036; x_wconf 82' lang='lat' dir='ltr'><strong>niamsortase</strong></span> <span class='ocrx_word' id='word_1_201' title='bbox 729 2949 943 3046; x_wconf 87' lang='lat' dir='ltr'><strong>plantarum</strong></span> <span class='ocrx_word' id='word_1_202' title='bbox 970 2936 1104 3020; x_wconf 79' lang='lat' dir='ltr'><strong>statum</strong></span> <span class='ocrx_word' id='word_1_203' title='bbox 1131 2933 1315 3028; x_wconf 86' lang='lat' dir='ltr'><strong>repetit.</strong></span> <span class='ocrx_word' id='word_1_204' title='bbox 1327 2926 1456 3004; x_wconf 80' lang='lat' dir='ltr'><strong>Radix</strong></span> <span class='ocrx_word' id='word_1_205' title='bbox 1482 2927 1584 3000; x_wconf 90' lang='lat' dir='ltr'><strong>enim</strong></span> <span class='ocrx_word' id='word_1_206' title='bbox 1609 2951 1655 3002; x_wconf 88' lang='lat' dir='ltr'><strong>os</strong></span> <span class='ocrx_word' id='word_1_207' title='bbox 1674 2927 1895 3008; x_wconf 78' lang='lat' dir='ltr'><strong>animalium</strong></span> <span class='ocrx_word' id='word_1_208' title='bbox 1917 2927 1986 3006; x_wconf 87' lang='lat' dir='ltr'><strong>elle</strong></span> <span class='ocrx_word' id='word_1_209' title='bbox 2000 2929 2181 3008; x_wconf 81' lang='lat' dir='ltr'><strong>videtur</strong></span> <span class='ocrx_word' id='word_1_210' title='bbox 2166 2956 2212 3004; x_wconf 88' lang='grc' dir='ltr'><strong>ιιι</strong></span> 
     </span>
     <span class='ocr_line' id='line_1_21' title="bbox 375 3037 2211 3174; baseline -0.017 -13"><span class='ocrx_word' id='word_1_211' title='bbox 375 3130 382 3141; x_wconf 85' lang='lat'>=</span> <span class='ocrx_word' id='word_1_212' title='bbox 437 3109 572 3161; x_wconf 89' lang='lat' dir='ltr'><strong>tertam</strong></span> <span class='ocrx_word' id='word_1_213' title='bbox 596 3099 635 3156; x_wconf 90' lang='lat' dir='ltr'><strong>at</strong></span> <span class='ocrx_word' id='word_1_214' title='bbox 660 3099 796 3174; x_wconf 89' lang='lat' dir='ltr'><strong>aquam</strong></span> <span class='ocrx_word' id='word_1_215' title='bbox 824 3068 1090 3155; x_wconf 75' lang='grc' dir='ltr'><strong>ιοιιιοιιιιιιι,Ι</strong></span> <span class='ocrx_word' id='word_1_216' title='bbox 1107 3079 1238 3136; x_wconf 84' lang='lat' dir='ltr'><strong>contra</strong></span> <span class='ocrx_word' id='word_1_217' title='bbox 1263 3056 1355 3154; x_wconf 84' lang='lat' dir='ltr'><strong>fplia</strong></span> <span class='ocrx_word' id='word_1_218' title='bbox 1375 3073 1413 3157; x_wconf 82' lang='lat' dir='ltr'><strong>et</strong></span> <span class='ocrx_word' id='word_1_219' title='bbox 1437 3053 1510 3128; x_wconf 81' lang='lat' dir='ltr'><strong>flos</strong></span> <span class='ocrx_word' id='word_1_220' title='bbox 1534 3078 1622 3152; x_wconf 81' lang='lat' dir='ltr'><strong>cum</strong></span> <span class='ocrx_word' id='word_1_221' title='bbox 1647 3055 1835 3128; x_wconf 86' lang='lat' dir='ltr'><strong>branchiis</strong></span> <span class='ocrx_word' id='word_1_222' title='bbox 1856 3071 1894 3128; x_wconf 88' lang='lat' dir='ltr'><strong>et</strong></span> <span class='ocrx_word' id='word_1_223' title='bbox 1911 3037 2141 3156; x_wconf 85' lang='lat' dir='ltr'><strong>genitalibus</strong></span> <span class='ocrx_word' id='word_1_224' title='bbox 2159 3057 2211 3133; x_wconf 90' lang='lat' dir='ltr'><strong>ad</strong></span> 
     </span>
    </p>
   </div>
   <div class='ocr_carea' id='block_1_10' title="bbox 302 3149 2210 3300">
    <p class='ocr_par' dir='ltr' id='par_1_12' title="bbox 302 3149 2210 3300">
     <span class='ocr_line' id='line_1_22' title="bbox 302 3149 2210 3300; baseline -0.016 -12"><span class='ocrx_word' id='word_1_225' title='bbox 302 3263 308 3276; x_wconf 86' lang='lat'><strong>·</strong></span> <span class='ocrx_word' id='word_1_226' title='bbox 438 3237 553 3286; x_wconf 90' lang='lat' dir='ltr'><strong>anum</strong></span> <span class='ocrx_word' id='word_1_227' title='bbox 570 3209 648 3282; x_wconf 77' lang='lat' dir='ltr'><strong>sitis</strong></span> <span class='ocrx_word' id='word_1_228' title='bbox 664 3203 799 3300; x_wconf 88' lang='lat' dir='ltr'><strong>procul</strong></span> <span class='ocrx_word' id='word_1_229' title='bbox 816 3197 932 3272; x_wconf 85' lang='lat' dir='ltr'><strong>dubio</strong></span> <span class='ocrx_word' id='word_1_230' title='bbox 950 3190 1200 3276; x_wconf 85' lang='lat' dir='ltr'><strong>conserenda,</strong></span> <span class='ocrx_word' id='word_1_231' title='bbox 1236 3188 1288 3258; x_wconf 92' lang='lat' dir='ltr'><strong>ita</strong></span> <span class='ocrx_word' id='word_1_232' title='bbox 1307 3201 1352 3258; x_wconf 91' lang='lat' dir='ltr'><strong>ut</strong></span> <span class='ocrx_word' id='word_1_233' title='bbox 1378 3149 1453 3274; x_wconf 87' lang='lat' dir='ltr'><strong>dici</strong></span> <span class='ocrx_word' id='word_1_234' title='bbox 1470 3171 1600 3280; x_wconf 73' lang='lat' dir='ltr'><strong>posit,</strong></span> <span class='ocrx_word' id='word_1_235' title='bbox 1637 3183 1751 3256; x_wconf 88' lang='lat' dir='ltr'><strong>finem</strong></span> <span class='ocrx_word' id='word_1_236' title='bbox 1771 3183 1877 3282; x_wconf 87' lang='lat' dir='ltr'><strong>regni</strong></span> <span class='ocrx_word' id='word_1_237' title='bbox 1900 3184 2094 3282; x_wconf 86' lang='lat' dir='ltr'><strong>organici</strong></span> <span class='ocrx_word' id='word_1_238' title='bbox 2084 3211 2124 3258; x_wconf 89' lang='lat' dir='ltr'><strong>m</strong></span> <span class='ocrx_word' id='word_1_239' title='bbox 2139 3189 2210 3258; x_wconf 92' lang='lat' dir='ltr'><strong>ho·</strong></span> 
     </span>
    </p>
   </div>
   <div class='ocr_carea' id='block_1_11' title="bbox 425 3307 2249 4198">
    <p class='ocr_par' dir='ltr' id='par_1_13' title="bbox 425 3307 2210 3442">
     <span class='ocr_line' id='line_1_23' title="bbox 425 3307 2210 3442; baseline -0.016 -28"><span class='ocrx_word' id='word_1_240' title='bbox 425 3343 539 3414; x_wconf 61' lang='lat' dir='ltr'><strong>«mine</strong></span> <span class='ocrx_word' id='word_1_241' title='bbox 566 3337 679 3432; x_wconf 87' lang='lat' dir='ltr'><strong>plana</strong></span> <span class='ocrx_word' id='word_1_242' title='bbox 706 3323 922 3442; x_wconf 77' lang='lat' dir='ltr'><strong>oppositum</strong></span> <span class='ocrx_word' id='word_1_243' title='bbox 942 3317 1078 3416; x_wconf 87' lang='lat' dir='ltr'><strong>assequi</strong></span> <span class='ocrx_word' id='word_1_244' title='bbox 1101 3313 1235 3390; x_wconf 89' lang='lat' dir='ltr'><strong>statum</strong></span> <span class='ocrx_word' id='word_1_245' title='bbox 1251 3315 1406 3408; x_wconf 85' lang='lat' dir='ltr'><strong>plantae</strong></span> <span class='ocrx_word' id='word_1_246' title='bbox 1432 3329 1470 3382; x_wconf 90' lang='grc' dir='ltr'><strong>οι</strong></span> <span class='ocrx_word' id='word_1_247' title='bbox 1491 3307 1713 3382; x_wconf 86' lang='lat' dir='ltr'><strong>inferiorum</strong></span> <span class='ocrx_word' id='word_1_248' title='bbox 1732 3311 1972 3400; x_wconf 86' lang='lat' dir='ltr'><strong>animalium,</strong></span> <span class='ocrx_word' id='word_1_249' title='bbox 2000 3330 2039 3386; x_wconf 93' lang='lat' dir='ltr'><strong>et</strong></span> <span class='ocrx_word' id='word_1_250' title='bbox 2050 3334 2210 3410; x_wconf 68' lang='lat' dir='ltr'><strong>reputa</strong></span> 
     </span>
    </p>

    <p class='ocr_par' dir='ltr' id='par_1_14' title="bbox 437 3425 2154 3664">
     <span class='ocr_line' id='line_1_24' title="bbox 437 3425 2154 3554; baseline -0.016 -14"><span class='ocrx_word' id='word_1_251' title='bbox 435 3461 598 3576; x_wconf 79' lang='lat' dir='ltr'><strong>terraad</strong></span> <span class='ocrx_word' id='word_1_252' title='bbox 619 3469 743 3536; x_wconf 78' lang='lat' dir='ltr'><strong>ae&#39;ram</strong></span> <span class='ocrx_word' id='word_1_253' title='bbox 762 3455 878 3554; x_wconf 82' lang='lat' dir='ltr'><strong>erigi,</strong></span> <span class='ocrx_word' id='word_1_254' title='bbox 905 3445 1008 3550; x_wconf 86' lang='lat' dir='ltr'><strong>quasi</strong></span> <span class='ocrx_word' id='word_1_255' title='bbox 1027 3462 1199 3520; x_wconf 85' lang='lat' dir='ltr'><strong>centrum</strong></span> <span class='ocrx_word' id='word_1_256' title='bbox 1217 3441 1425 3542; x_wconf 85' lang='lat' dir='ltr'><strong>organiami</strong></span> <span class='ocrx_word' id='word_1_257' title='bbox 1443 3437 1584 3536; x_wconf 88' lang='lat' dir='ltr'><strong>semper</strong></span> <span class='ocrx_word' id='word_1_258' title='bbox 1600 3435 1742 3512; x_wconf 87' lang='lat' dir='ltr'><strong>sursum</strong></span> <span class='ocrx_word' id='word_1_259' title='bbox 1759 3425 1958 3516; x_wconf 82' lang='lat' dir='ltr'><strong>ascendere</strong></span> <span class='ocrx_word' id='word_1_260' title='bbox 1972 3457 2154 3536; x_wconf 87' lang='lat' dir='ltr'><strong>oporteat.</strong></span> 
     </span>
     <span class='ocr_line' id='line_1_25' title="bbox 1256 3575 1528 3664; baseline 0.011 -3"><span class='ocrx_word' id='word_1_261' title='bbox 1256 3575 1324 3661; x_wconf 80' lang='lat'><strong>§-</strong></span> <span class='ocrx_word' id='word_1_262' title='bbox 1353 3591 1388 3662; x_wconf 81' lang='lat' dir='ltr'><strong>t·</strong></span> <span class='ocrx_word' id='word_1_263' title='bbox 1523 3657 1528 3664; x_wconf 88' lang='lat'><strong>.</strong></span> 
     </span>
    </p>

    <p class='ocr_par' dir='ltr' id='par_1_15' title="bbox 430 3695 2249 3812">
     <span class='ocr_line' id='line_1_26' title="bbox 430 3695 2249 3812; baseline -0.008 -24"><span class='ocrx_word' id='word_1_264' title='bbox 430 3759 446 3788; x_wconf 38' lang='grc' dir='ltr'>,ι</span> <span class='ocrx_word' id='word_1_265' title='bbox 535 3714 785 3796; x_wconf 80' lang='lat' dir='ltr'><strong>Memoranda</strong></span> <span class='ocrx_word' id='word_1_266' title='bbox 810 3709 904 3786; x_wconf 87' lang='lat' dir='ltr'><strong>mihi</strong></span> <span class='ocrx_word' id='word_1_267' title='bbox 923 3703 1086 3812; x_wconf 82' lang='lat' dir='ltr'><strong>danique</strong></span> <span class='ocrx_word' id='word_1_268' title='bbox 1107 3695 1156 3781; x_wconf 79' lang='lat' dir='ltr'><strong>all</strong></span> <span class='ocrx_word' id='word_1_269' title='bbox 1174 3701 1245 3778; x_wconf 89' lang='lat' dir='ltr'><strong>alia</strong></span> <span class='ocrx_word' id='word_1_270' title='bbox 1262 3697 1407 3773; x_wconf 87' lang='lat' dir='ltr'><strong>illius</strong></span> <span class='ocrx_word' id='word_1_271' title='bbox 1395 3719 1436 3770; x_wconf 89' lang='grc' dir='ltr'><strong>ιιι</strong></span> <span class='ocrx_word' id='word_1_272' title='bbox 1457 3711 1595 3768; x_wconf 81' lang='lat' dir='ltr'><strong>munao</strong></span> <span class='ocrx_word' id='word_1_273' title='bbox 1609 3695 1867 3792; x_wconf 82' lang='lat' dir='ltr'><strong>antagonismi</strong></span> <span class='ocrx_word' id='word_1_274' title='bbox 1884 3699 2109 3797; x_wconf 80' lang='lat' dir='ltr'><strong>muscularis</strong></span> <span class='ocrx_word' id='word_1_275' title='bbox 2125 3721 2208 3776; x_wconf 90' lang='lat' dir='ltr'><strong>mo·</strong></span> <span class='ocrx_word' id='word_1_276' title='bbox 2247 3727 2249 3734; x_wconf 63' lang='grc'>’</span> 
     </span>
    </p>

    <p class='ocr_par' dir='ltr' id='par_1_16' title="bbox 433 3821 2205 3942">
     <span class='ocr_line' id='line_1_27' title="bbox 433 3821 2205 3942; baseline -0.014 -19"><span class='ocrx_word' id='word_1_277' title='bbox 433 3847 623 3935; x_wconf 82' lang='lat' dir='ltr'><strong>dilimtio,</strong></span> <span class='ocrx_word' id='word_1_278' title='bbox 668 3867 773 3942; x_wconf 88' lang='lat' dir='ltr'><strong>quae</strong></span> <span class='ocrx_word' id='word_1_279' title='bbox 788 3861 855 3935; x_wconf 87' lang='lat' dir='ltr'><strong>per</strong></span> <span class='ocrx_word' id='word_1_280' title='bbox 877 3832 1157 3930; x_wconf 85' lang='lat' dir='ltr'><strong>respirationem</strong></span> <span class='ocrx_word' id='word_1_281' title='bbox 1190 3825 1368 3938; x_wconf 56' lang='lat' dir='ltr'><strong>sllicitum</strong></span> <span class='ocrx_word' id='word_1_282' title='bbox 1399 3844 1546 3922; x_wconf 80' lang='lat' dir='ltr'><strong>nempe</strong></span> <span class='ocrx_word' id='word_1_283' title='bbox 1569 3821 1711 3897; x_wconf 83' lang='lat' dir='ltr'><strong>levatio</strong></span> <span class='ocrx_word' id='word_1_284' title='bbox 1740 3839 1779 3896; x_wconf 90' lang='lat' dir='ltr'><strong>et</strong></span> <span class='ocrx_word' id='word_1_285' title='bbox 1801 3821 1977 3920; x_wconf 77' lang='lat' dir='ltr'><strong>depressio</strong></span> <span class='ocrx_word' id='word_1_286' title='bbox 2005 3821 2205 3918; x_wconf 78' lang='lat' dir='ltr'><strong>costarum.</strong></span> 
     </span>
    </p>

    <p class='ocr_par' dir='ltr' id='par_1_17' title="bbox 429 3947 2204 4076">
     <span class='ocr_line' id='line_1_28' title="bbox 429 3947 2204 4076; baseline -0.016 -27"><span class='ocrx_word' id='word_1_287' title='bbox 429 3975 604 4076; x_wconf 75' lang='lat' dir='ltr'><strong>Quarum</strong></span> <span class='ocrx_word' id='word_1_288' title='bbox 620 3971 688 4050; x_wconf 84' lang='lat' dir='ltr'><strong>illa</strong></span> <span class='ocrx_word' id='word_1_289' title='bbox 710 3959 787 4050; x_wconf 84' lang='lat' dir='ltr'><strong>line</strong></span> <span class='ocrx_word' id='word_1_290' title='bbox 814 3963 932 4038; x_wconf 91' lang='lat' dir='ltr'><strong>dubio</strong></span> <span class='ocrx_word' id='word_1_291' title='bbox 959 3955 1194 4040; x_wconf 76' lang='lat' dir='ltr'><strong>modificatio</strong></span> <span class='ocrx_word' id='word_1_292' title='bbox 1219 3947 1446 4026; x_wconf 77' lang='lat' dir='ltr'><strong>extersionis</strong></span> <span class='ocrx_word' id='word_1_293' title='bbox 1471 3949 1724 4037; x_wconf 83' lang='lat' dir='ltr'><strong>nominanda,</strong></span> <span class='ocrx_word' id='word_1_294' title='bbox 1753 3973 1840 4026; x_wconf 92' lang='lat' dir='ltr'><strong>cum</strong></span> <span class='ocrx_word' id='word_1_295' title='bbox 1856 3948 2045 4027; x_wconf 85' lang='lat' dir='ltr'><strong>clariffime</strong></span> <span class='ocrx_word' id='word_1_296' title='bbox 2063 3970 2204 4046; x_wconf 78' lang='lat' dir='ltr'><strong>pateat,</strong></span> 
     </span>
    </p>

    <p class='ocr_par' dir='ltr' id='par_1_18' title="bbox 435 4072 2205 4198">
     <span class='ocr_line' id='line_1_29' title="bbox 435 4072 2205 4198; baseline -0.014 -20"><span class='ocrx_word' id='word_1_297' title='bbox 435 4105 476 4178; x_wconf 92' lang='lat' dir='ltr'><strong>in</strong></span> <span class='ocrx_word' id='word_1_298' title='bbox 492 4099 707 4198; x_wconf 86' lang='lat' dir='ltr'><strong>inspirando</strong></span> <span class='ocrx_word' id='word_1_299' title='bbox 727 4119 810 4170; x_wconf 89' lang='lat' dir='ltr'><strong>non</strong></span> <span class='ocrx_word' id='word_1_300' title='bbox 834 4091 958 4168; x_wconf 83' lang='lat' dir='ltr'><strong>solum</strong></span> <span class='ocrx_word' id='word_1_301' title='bbox 979 4088 1205 4184; x_wconf 85' lang='lat' dir='ltr'><strong>pulmonem</strong></span> <span class='ocrx_word' id='word_1_302' title='bbox 1229 4076 1404 4165; x_wconf 66' lang='lat' dir='ltr'><strong>exandi.</strong></span> <span class='ocrx_word' id='word_1_303' title='bbox 1443 4097 1576 4150; x_wconf 82' lang='lat' dir='ltr'><strong>verum</strong></span> <span class='ocrx_word' id='word_1_304' title='bbox 1605 4072 1743 4172; x_wconf 87' lang='lat' dir='ltr'><strong>reliqui</strong></span> <span class='ocrx_word' id='word_1_305' title='bbox 1757 4073 1960 4170; x_wconf 70' lang='lat' dir='ltr'><strong>systematis</strong></span> <span class='ocrx_word' id='word_1_306' title='bbox 1981 4081 2205 4159; x_wconf 83' lang='lat' dir='ltr'><strong>muscularis</strong></span> 
     </span>
    </p>
   </div>
   <div class='ocr_carea' id='block_1_12' title="bbox 262 4203 2208 4330">
    <p class='ocr_par' dir='ltr' id='par_1_19' title="bbox 262 4203 2208 4330">
     <span class='ocr_line' id='line_1_30' title="bbox 262 4203 2208 4330; baseline -0.012 -24"><span class='ocrx_word' id='word_1_307' title='bbox 262 4261 265 4268; x_wconf 60' lang='lat'>¹</span> <span class='ocrx_word' id='word_1_308' title='bbox 313 4297 317 4302; x_wconf 91' lang='lat'><strong>.</strong></span> <span class='ocrx_word' id='word_1_309' title='bbox 430 4239 580 4330; x_wconf 84' lang='lat' dir='ltr'><strong>partem</strong></span> <span class='ocrx_word' id='word_1_310' title='bbox 601 4221 843 4304; x_wconf 85' lang='lat' dir='ltr'><strong>extenfivam</strong></span> <span class='ocrx_word' id='word_1_311' title='bbox 859 4215 1037 4296; x_wconf 81' lang='lat' dir='ltr'><strong>consensu</strong></span> <span class='ocrx_word' id='word_1_312' title='bbox 1066 4207 1223 4308; x_wconf 88' lang='lat' dir='ltr'><strong>corripi.</strong></span> <span class='ocrx_word' id='word_1_313' title='bbox 1278 4203 1553 4300; x_wconf 81' lang='lat' dir='ltr'><strong>contempleris</strong></span> <span class='ocrx_word' id='word_1_314' title='bbox 1580 4203 1681 4276; x_wconf 92' lang='lat' dir='ltr'><strong>anim</strong></span> <span class='ocrx_word' id='word_1_315' title='bbox 1704 4205 1779 4278; x_wconf 88' lang='lat' dir='ltr'><strong>alta</strong></span> <span class='ocrx_word' id='word_1_316' title='bbox 1799 4206 1860 4280; x_wconf 84' lang='lat' dir='ltr'><strong>rel</strong></span> <span class='ocrx_word' id='word_1_317' title='bbox 1877 4207 2123 4283; x_wconf 85' lang='lat' dir='ltr'><strong>oscitantium</strong></span> <span class='ocrx_word' id='word_1_318' title='bbox 2143 4209 2208 4282; x_wconf 87' lang='lat' dir='ltr'><strong>vel</strong></span> 
     </span>
    </p>
   </div>
   <div class='ocr_carea' id='block_1_13' title="bbox 292 4291 2207 4974">
    <p class='ocr_par' dir='ltr' id='par_1_20' title="bbox 292 4291 2207 4836">
     <span class='ocr_line' id='line_1_31' title="bbox 432 4291 2204 4468; baseline -0.016 -32"><span class='ocrx_word' id='word_1_319' title='bbox 432 4359 736 4436; x_wconf 78' lang='lat' dir='ltr'><strong>asthmaticorum&#39;</strong></span> <span class='ocrx_word' id='word_1_320' title='bbox 760 4353 1046 4468; x_wconf 83' lang='lat' dir='ltr'><strong>spiramenta,</strong></span> <span class='ocrx_word' id='word_1_321' title='bbox 1030 4341 1073 4414; x_wconf 90' lang='lat' dir='ltr'><strong>in</strong></span> <span class='ocrx_word' id='word_1_322' title='bbox 1099 4337 1235 4436; x_wconf 90' lang='lat' dir='ltr'><strong>quibus</strong></span> <span class='ocrx_word' id='word_1_323' title='bbox 1259 4357 1342 4409; x_wconf 89' lang='lat' dir='ltr'><strong>non</strong></span> <span class='ocrx_word' id='word_1_324' title='bbox 1365 4331 1490 4406; x_wconf 82' lang='lat' dir='ltr'><strong>solnm</strong></span> <span class='ocrx_word' id='word_1_325' title='bbox 1516 4349 1630 4430; x_wconf 83' lang='lat' dir='ltr'><strong>caput</strong></span> <span class='ocrx_word' id='word_1_326' title='bbox 1650 4291 1792 4409; x_wconf 82' lang='lat' dir='ltr'><strong>sursum</strong></span> <span class='ocrx_word' id='word_1_327' title='bbox 1815 4349 1854 4406; x_wconf 86' lang='lat' dir='ltr'><strong>et</strong></span> <span class='ocrx_word' id='word_1_328' title='bbox 1870 4333 2071 4408; x_wconf 84' lang='lat' dir='ltr'><strong>retrorsum</strong></span> <span class='ocrx_word' id='word_1_329' title='bbox 2092 4336 2204 4410; x_wconf 90' lang='lat' dir='ltr'><strong>trahi·</strong></span> 
     </span>
     <span class='ocr_line' id='line_1_32' title="bbox 343 4459 2205 4580; baseline -0.018 -20"><span class='ocrx_word' id='word_1_330' title='bbox 343 4569 349 4577; x_wconf 48' lang='grc'><strong><em>,</em></strong></span> <span class='ocrx_word' id='word_1_331' title='bbox 434 4509 524 4576; x_wconf 83' lang='lat' dir='ltr'><strong>tur,</strong></span> <span class='ocrx_word' id='word_1_332' title='bbox 550 4487 664 4580; x_wconf 84' lang='lat' dir='ltr'><strong>sedip</strong></span> <span class='ocrx_word' id='word_1_333' title='bbox 667 4483 700 4556; x_wconf 90' lang='lat' dir='ltr'><strong>sa</strong></span> <span class='ocrx_word' id='word_1_334' title='bbox 718 4463 868 4556; x_wconf 80' lang='lat' dir='ltr'><strong>brachia</strong></span> <span class='ocrx_word' id='word_1_335' title='bbox 887 4491 925 4548; x_wconf 88' lang='lat' dir='ltr'><strong>st</strong></span> <span class='ocrx_word' id='word_1_336' title='bbox 940 4469 1076 4568; x_wconf 82' lang='lat' dir='ltr'><strong>pedes</strong></span> <span class='ocrx_word' id='word_1_337' title='bbox 1071 4489 1200 4565; x_wconf 87' lang='lat' dir='ltr'><strong>nsque</strong></span> <span class='ocrx_word' id='word_1_338' title='bbox 1226 4461 1274 4536; x_wconf 92' lang='lat' dir='ltr'><strong>ad</strong></span> <span class='ocrx_word' id='word_1_339' title='bbox 1299 4479 1490 4538; x_wconf 81' lang='lat' dir='ltr'><strong>extremos</strong></span> <span class='ocrx_word' id='word_1_340' title='bbox 1513 4459 1654 4560; x_wconf 84' lang='lat' dir='ltr'><strong>digitos</strong></span> <span class='ocrx_word' id='word_1_341' title='bbox 1677 4459 1952 4554; x_wconf 67' lang='lat' dir='ltr'><strong>extenduntnrr</strong></span> <span class='ocrx_word' id='word_1_342' title='bbox 1977 4487 2105 4560; x_wconf 74' lang='lat' dir='ltr'><strong>quare</strong></span> <span class='ocrx_word' id='word_1_343' title='bbox 2100 4463 2205 4538; x_wconf 75' lang='lat' dir='ltr'><strong>leva</strong></span> 
     </span>
     <span class='ocr_line' id='line_1_33' title="bbox 292 4581 2202 4712; baseline -0.017 -23"><span class='ocrx_word' id='word_1_344' title='bbox 292 4604 300 4620; x_wconf 76' lang='grc'><em>’</em></span> <span class='ocrx_word' id='word_1_345' title='bbox 434 4617 489 4688; x_wconf 86' lang='grc' dir='ltr'><strong>ιιο</strong></span> <span class='ocrx_word' id='word_1_346' title='bbox 508 4637 667 4712; x_wconf 89' lang='lat' dir='ltr'><strong>quoque</strong></span> <span class='ocrx_word' id='word_1_347' title='bbox 686 4606 869 4685; x_wconf 85' lang='lat' dir='ltr'><strong>costarum</strong></span> <span class='ocrx_word' id='word_1_348' title='bbox 894 4620 932 4674; x_wconf 88' lang='lat' dir='ltr'><strong>et</strong></span> <span class='ocrx_word' id='word_1_349' title='bbox 956 4593 1120 4672; x_wconf 89' lang='lat' dir='ltr'><strong>musculi</strong></span> <span class='ocrx_word' id='word_1_350' title='bbox 1135 4591 1379 4690; x_wconf 82' lang='lat' dir='ltr'><strong>inspiratores</strong></span> <span class='ocrx_word' id='word_1_351' title='bbox 1403 4605 1502 4663; x_wconf 89' lang='lat' dir='ltr'><strong>recte</strong></span> <span class='ocrx_word' id='word_1_352' title='bbox 1522 4581 1733 4662; x_wconf 84' lang='lat' dir='ltr'><strong>extensioni</strong></span> <span class='ocrx_word' id='word_1_353' title='bbox 1757 4605 1794 4660; x_wconf 90' lang='lat' dir='ltr'><strong>et</strong></span> <span class='ocrx_word' id='word_1_354' title='bbox 1813 4586 2031 4685; x_wconf 70' lang='lat' dir='ltr'><strong>expansione</strong></span> <span class='ocrx_word' id='word_1_355' title='bbox 2050 4613 2202 4664; x_wconf 82' lang='lat' dir='ltr'><strong>museu-</strong></span> 
     </span>
     <span class='ocr_line' id='line_1_34' title="bbox 313 4711 2207 4836; baseline -0.016 -17"><span class='ocrx_word' id='word_1_356' title='bbox 313 4825 318 4836; x_wconf 47' lang='grc'><strong>,</strong></span> <span class='ocrx_word' id='word_1_357' title='bbox 433 4741 592 4816; x_wconf 85' lang='lat' dir='ltr'><strong>latitatis</strong></span> <span class='ocrx_word' id='word_1_358' title='bbox 614 4737 740 4834; x_wconf 87' lang='lat' dir='ltr'><strong>parti</strong></span> <span class='ocrx_word' id='word_1_359' title='bbox 730 4727 989 4808; x_wconf 88' lang='lat' dir='ltr'><strong>adscribendi.</strong></span> <span class='ocrx_word' id='word_1_360' title='bbox 1028 4717 1249 4822; x_wconf 85' lang='lat' dir='ltr'><strong>Oppofitam</strong></span> <span class='ocrx_word' id='word_1_361' title='bbox 1266 4715 1580 4820; x_wconf 82' lang='lat' dir='ltr'><strong>significationem</strong></span> <span class='ocrx_word' id='word_1_362' title='bbox 1604 4731 1738 4790; x_wconf 85' lang='lat' dir='ltr'><strong>eontra</strong></span> <span class='ocrx_word' id='word_1_363' title='bbox 1765 4711 1940 4810; x_wconf 87' lang='lat' dir='ltr'><strong>depreslio</strong></span> <span class='ocrx_word' id='word_1_364' title='bbox 1960 4713 2144 4792; x_wconf 85' lang='lat' dir='ltr'><strong>costarum</strong></span> <span class='ocrx_word' id='word_1_365' title='bbox 2168 4733 2207 4788; x_wconf 88' lang='lat' dir='ltr'><strong>et</strong></span> 
     </span>
    </p>

    <p class='ocr_par' dir='ltr' id='par_1_21' title="bbox 342 4837 2203 4974">
     <span class='ocr_line' id='line_1_35' title="bbox 342 4837 2203 4974; baseline -0.016 -27"><span class='ocrx_word' id='word_1_366' title='bbox 342 4963 346 4971; x_wconf 19' lang='grc' dir='ltr'>ι</span> <span class='ocrx_word' id='word_1_367' title='bbox 432 4869 690 4969; x_wconf 82' lang='lat' dir='ltr'><strong>Exspiratores</strong></span> <span class='ocrx_word' id='word_1_368' title='bbox 722 4859 935 4950; x_wconf 86' lang='lat' dir='ltr'><strong>habebunt,</strong></span> <span class='ocrx_word' id='word_1_369' title='bbox 979 4876 1099 4974; x_wconf 72' lang='lat' dir='ltr'><strong>quam</strong></span> <span class='ocrx_word' id='word_1_370' title='bbox 1123 4847 1334 4930; x_wconf 82' lang='lat' dir='ltr'><strong>contractio</strong></span> <span class='ocrx_word' id='word_1_371' title='bbox 1350 4839 1596 4946; x_wconf 82' lang='lat' dir='ltr'><strong>p&#39;ulmonia&#39;</strong></span> <span class='ocrx_word' id='word_1_372' title='bbox 1584 4865 1627 4917; x_wconf 91' lang='grc' dir='ltr'><strong>ιιι</strong></span> <span class='ocrx_word' id='word_1_373' title='bbox 1653 4837 1904 4938; x_wconf 83' lang='lat' dir='ltr'><strong>exspiratione</strong></span> <span class='ocrx_word' id='word_1_374' title='bbox 1931 4846 2203 4923; x_wconf 71' lang='lat' dir='ltr'><strong>conmeantum</strong></span> 
     </span>
    </p>
   </div>
   <div class='ocr_carea' id='block_1_14' title="bbox 0 0 2402 5700">
    <p class='ocr_par' dir='ltr' id='par_1_22' title="bbox 0 0 2402 5700">
     <span class='ocr_line' id='line_1_36' title="bbox 0 0 2402 5700; baseline 0 0"><span class='ocrx_word' id='word_1_375' title='bbox 0 0 2402 5700; x_wconf 95' lang='lat' dir='ltr'><strong> </strong></span> 
     </span>
    </p>
   </div>
  </div>
 </body>
</html>
