4788 5702
999 243 1015 278 x
1050 261 1055 270 .

822 503 982 562 ·..·-
1061 475 1149 570 ιιι
1213 513 1264 536 ·-
1365 496 1403 596 j

210 669 321 763 Quae
346 672 477 738 autem
503 679 632 760 partes
657 651 825 749 multum
853 661 1003 732 faciunt
1030 625 1077 734 acl
1102 659 1216 736 faciei
1243 665 1391 740 varium
1420 669 1623 756 ellectum,
1660 668 1827 774 etiamsi,
1865 675 1977 762 sicuti

207 793 473 905 physiologice
500 791 704 902 nobilitate
729 777 776 858 ab
806 789 943 878 oculo,
980 785 1148 886 nasoque
1170 807 1243 862 etc
1272 794 1569 887 superantur,'
1559 819 1600 864 ιιι
1627 796 1652 866 Γ
1638 801 1999 896 gnrlicatronrbus
2072 833 2104 900 “,
2171 819 2179 838 ’

209 945 368 1014 quoque
394 919 523 990 minus
550 896 706 1024 nobiles
735 915 808 985 essa
836 913 1029 986 videntur.
1084 899 1284 1012 Superior
1288 921 1463 1010 maxrlla,
1500 923 1746 1041 labiumque,
1783 939 1977 1028 quodnu-

163 1033 169 1040 ’
205 1045 321 1116 bilior
347 1045 400 1114 est
426 1047 474 1115 ob
501 1015 779 1138 repetitionem
802 1041 1045 1135 superiorum
1069 1045 1355 1116 extremitatum
1385 1023 1844 1154 etquotlanterioribus,
1881 1092 1974 1170 ergo

206 1169 475 1243 nobilioribus
491 1171 631 1265 capitis
657 1169 845 1240 vertebris
875 1169 980 1238 ass
928 1185 1070 1266 gitur,
1109 1166 1366 1261 nobiliores,
1377 1173 1681 1272 subtilioresque
1708 1185 1825 1258 animi
1853 1200 1976 1286 quali.

206 1306 305 1404 testes
336 1291 543 1388 indicabit,
577 1319 695 1399 qnam
721 1293 896 1364 inferior.
942 1294 1065 1389 Quod
1091 1295 1154 1366 fi
1143 1315 1274 1390 rtaque
1300 1299 1447 1396 labiqm
1464 1301 1639 1394 superins
1661 1291 1860 1399 prosiliens
1880 1339 1919 1392 et
1936 1323 1978 1416 in

205 1423 547 1518 mediopevulsum
568 1419 697 1514 (quast
722 1421 1230 1514 Levatoresuoextensnm)
1259 1425 1478 1494 nasutulum
1492 1430 1839 1532 ,impudicitiam
1866 1447 1976 1523 inso-
1984 1449 1987 1460 ’

39 1551 46 1566 ’
137 1643 143 1652 ¹
206 1551 365 1622 lentiam
394 1541 594 1661 exprimit,
634 1521 770 1616 eadem
797 1543 989 1638 quidem
978 1569 1021 1616 ιιι
1045 1532 1239 1619 labiof
1179 1573 1219 1618 ιιι
1222 1549 1364 1620 errore
1382 1552 1607 1651 prosiliente
1627 1575 1666 1629 et
1684 1567 1834 1641 tumulo
1853 1569 1977 1672 auspr
2018 1651 2023 1664 ,
2067 1565 2110 1630 .'
2201 1600 2205 1628 ι

84 1675 88 1688 ’
207 1698 359 1762 camur,
395 1675 460 1746 fed
488 1673 733 1746 insolentiam
764 1671 1035 1764 lasciviamque
1059 1673 1236 1746 rusticam
1264 1677 1408 1746 stulta
1398 1680 1606 1768 jactatione
1630 1693 1876 1766 comitante.
1908 1707 1974 1776 se.

207 1802 340 1904 quitur
366 1825 532 1902 porro,
547 1814 593 1869 ut
619 1793 828 1894 appetendi
854 1797 1119 1880 facultatese.
1110 1824 1197 1898 ..gr
1221 1802 1383 1903 sexualis
1410 1803 1531 1875 libido
1561 1815 1692 1900 (qoam
1719 1818 1796 1889 alas
1821 1829 1975 1902 narium
2039 1817 2044 1828 ⁸
2088 1811 2091 1822 ’

84 1950 87 1972 ¹
171 1978 190 2001 .
205 1929 333 2000 levare
352 1927 519 2004 vidimus
540 1939 724 2020 atquae,
744 1923 1056 2019 quod'cupiditas
1075 1925 1150 2014 est,
1177 1897 1376 2008 extendat,
1403 1933 1552 2024 necesse
1572 1935 1639 2025 est)
1654 1938 1768 2020 ,hanc
1786 1935 1975 2030 tumidam

84 4143 88 4152 .
194 4093 318 4176 schige
333 4090 466 4172 Lr'ppen
480 4089 616 4152 haben
603 4109 722 4152 rmmer
735 4093 796 4152 mit
806 4089 1040 4174 Sinnlichlreit,

205 2055 398 2126 labiorum
421 2053 585 2124 formam
609 2067 846 2154 provocent,
884 2039 989 2144 quod
1017 2051 1293 2122 evidentissime
1320 2078 1390 2146 per
1408 2055 1577 2154 bominis
1597 2062 1742 2156 species
1763 2070 1974 2153 deteriores
1997 2087 2005 2096 ’
2091 2065 2095 2074 ’

205 2181 403 2276 probatur.
458 2177 602 2276 Quanti
629 2175 733 2262 enirn
761 2193 801 2249 et
819 2177 943 2283 squam
971 2177 1102 2266 carnei
1129 2171 1217 2248 sunt
1237 2179 1365 2276 Nigris
1389 2181 1574 2256 labeones
1591 2202 1642 2276 set
1670 2169 1988 2283 quamreflexis

205 2309 343 2400 Neque
370 2305 474 2408 apurl
499 2327 570 2376 nos
598 2305 774 2402 exempla
796 2303 933 2375 desunt
951 2307 1027 2396 ’ἣν
1067 2305 1349 2379 Inuniversur‘n
1367 2311 1595 2402 notumest,
1632 2321 1806 2392 maxillas
1826 2351 1873 2399 eo
1893 2356 1974 2406 ma.

204 2433 262 2532 gis
286 2409 537 2528 prpcedere,
562 2445 613 2501 et
625 2431 805 2518 latiores,
841 2431 1120 2528 longioresque
1148 2431 1255 2519 fieri,
1291 2453 1340 2501 eo
1369 2433 1555 2506 malorem
1576 2438 1774 2516 thoracem
1798 2417 1980 2532 maxilla·¹

204 2583 285 2635 rem
313 2557 443 2647 reddi,
482 2580 561 2652 quo
589 2555 782 2628 bestialior
807 2553 979 2628 hominis
1002 2555 1147 2650 species
1174 2571 1213 2632 et
1237 2556 1380 2628 animal
1406 2560 1478 2650 est,
1523 2571 1971 2672 quomagisappetentsi
2067 2591 2071 2607 ’
2147 2541 2151 2548 -

203 2686 365 2756 facultas
395 2700 435 2755 et
459 2676 688 2798 cupiditates
707 2683 904 2754 excellunt
918 2707 1012 2778 prae
1023 2671 1302 2786 intelligentia.
1343 2683 1488 2782 Ergo,
1516 2685 1542 2756 Γι
1563 2694 1827 2774 universaliter
1841 2707 1974 2784 dicere

204 2812 285 2901 vis,
333 2809 513 2882 extensio
532 2789 600 2882 sen
615 2809 850 2924 inspiratio'
839 2825 883 2878 tn
909 2809 1072 2880 maxillis
1100 2825 1207 2880 recta
1231 2803 1422 2882 relatione
1452 2831 1617 2911 augetur
1643 2821 1720 2892 uns
1748 2849 1835 2902 cum
1860 2853 1972 2928 parta

205 2937 324 3008 animi
349 2935 550 3008 extensive
566 2937 633 3006 seu
652 2931 893 3028 inspiratoria
911 2919 1086 3056 analoga.
1127 2937 1287 3007 «Contra
1307 2939 1522 3010 contendi'
1511 2965 1553 3010 ιιι
1572 2945 1790 3023 universum
1811 2966 1972 3058 poterit,

204 3087 253 3135 eo
281 3063 402 3160 magis
427 3061 625 3136 thoracem
650 3061 910 3152 maxillarem,
946 3062 1051 3155 quali
1074 3059 1121 3134 ad
1150 3063 1444 3162 exspirationem
1469 3070 1618 3161 teniat,
1655 3081 1974 3161 contrahietret
2076 3079 2080 3086 ’

90 3185 99 3194 ”
202 3189 327 3279 trahi,
366 3213 443 3292 quq
472 3184 594 3304 magis
619 3187 879 3291 intelligentia
904 3211 1010 3298 prae
1024 3189 1234 3283 appetendi
1257 3191 1441 3264 facultate
1469 3193 1634 3270 excellit.
1690 3205 1861 3298 Quodsi
1850 3231 1972 3311 rgrtur

203 3316 436 3386 ascendente
471 3297 815 3414 organisatione,
820 3335 902 3384 non
937 3314 1054 3386 modo
1088 3315 1194 3409 spina
1228 3318 1450 3389 vertebralis
1480 3325 1635 3415 capitis,
1686 3353 1819 3404 verum
1848 3342 1971 3414 costae

121 3418 321 3514 ,setiam
346 3439 562 3550 thoraxque
590 3435 749 3519 eiusad
778 3430 986 3509 flexionem
1013 3441 1388 3535 exsprratronemque
1405 3469 1591 3520 merorem
1611 3435 1813 3550 tendunt,
1835 3447 1975 3554 eadem
2009 3478 2011 3488 '
2044 3481 2049 3489 ’
2113 3511 2117 3522 ·
2181 3419 2184 3430 Ι

93 3621 106 3634 .
202 3568 457 3662 proportione
479 3565 649 3637 hominis
666 3537 833 3658 spiritus
842 3563 985 3632 secedit
1002 3587 1022 3634 a
1039 3567 1222 3660 cupidine
1240 3567 1286 3636 ad
1304 3551 1461 3639 altiores
1480 3576 1621 3644 mentis
1641 3577 1845 3656 facultates
1862 3614 1969 3685 praa.¹

203 3694 317 3788 cipue
337 3695 383 3769 in
409 3693 447 3764 se
475 3705 657 3762 retractas
683 3703 724 3760 et
748 3688 963 3786 ingestivas.
1016 3693 1105 3818 Quo
1132 3691 1200 3782 fit,
1237 3692 1417 3766 utsacies
1441 3695 1625 3792 interior,
1660 3703 1968 3836 firetractacer
2029 3749 2033 3756 ·

200 3829 546 3900 -ι--ι-ἐ

286 3983 341 4058 ιι)
365 3969 564 4052 Ταυαιιιι
593 3979 647 4044 Bcl
673 3997 704 4060 4.
732 3991 815 4042 etc..
852 3979 939 4044 Sehr
956 3977 1042 4064 fles·
1128 3979 1312 4067 besnmmte
1324 3977 1473 4068 grosse,
1498 3989 1587 4051 wohl
1604 4000 1969 4092 proportionis-tesia
2031 4045 2035 4088 3
2073 4063 2078 4072 ,

1125 4111 1209 4171 pen,
1247 4113 1309 4154 aus
1331 4093 1440 4156 denen
1463 4099 1520 4159 die
1532 4099 1614 4184 sich
1628 4105 1731 4188 sanst
1757 4109 1831 4191 ans·
1845 4113 1967 4182 beiden

140 4201 388 4302 areghis,
411 4199 607 4278 Prahlerey
620 4219 663 4260 zu
679 4199 847 4284 kri'mpsen.
891 4199 915 4265 J
919 4219 1039 4262 οαιιιι.

204 4313 254 4376 ab
272 4314 295 4375 I
298 4315 382 4378 ndu
389 4331 424 4391 g.
447 4307 470 4370 l.
496 4329 525 4370 c.
543 4327 571 4378 c,
589 4306 643 4367 V.:
665 4305 850 4372 Hr'irwr'der
867 4311 923 4372 die
943 4309 1041 4385 tiber,-

165 4421 169 4430 '
202 4423 342 4508 grossen
359 4417 497 4507 Leffzen
514 4419 624 4481 haben
639 4419 709 4480 und
724 4419 833 4483 denen
850 4420 911 4481 cler
926 4415 1039 4481 unter-

203 4529 296 4614 lffa
321 4503 469 4619 αΓιΓιινιι
494 4531 619 4610 hangt,
660 4529 732 4614 alfio
758 4529 837 4612 dass
860 4549 955 4610 ynen
984 4531 1040 4591 die

55 4641 61 4656 ’
125 4723 133 4738 ⁴
189 4653 266 4708 ‘zen
287 4641 412 4728 bci'rsiir
433 4639 598 4714 blesken,
631 4641 689 4716 die
708 4637 821 4724 seynd
843 4661 910 4722 vpn
935 4653 1039 4704 natur

202 4749 376 4835 niirrifclr,
391 4751 545 4843 stiirrr'g,
568 4749 798 4836 ungesersam,
821 4752 959 4822 unrer'n,
982 4769 1042 4812 un·

1128 4201 1245 4264 Seiren
1259 4203 1629 4306 gleichsclrln'ngelnde
1642 4213 1968 4290 ·M1·rrettinte'tetcttr
2055 4253 2065 4280 ι

1126 4309 1402 4382 berauszulreben
1423 4315 1483 4400 ist,
1511 4337 1555 4364 -·-
1571 4318 1651 4411 find
1673 4327 1730 4385 nie
1753 4307 1799 4390 aia
1809 4333 1975 4415 sclrsecsrm

1090 4487 1095 4503 Ι
1125 4434 1197 4494 ten,
1220 4425 1416 4503 gemeinen,
1447 4425 1628 4507 niedrigern
1644 4432 1827 4523 Menschen
1843 4431 1966 4528 rufin.

1124 4531 1201 4602 den,
1220 4531 1451 4596 wohtaberan
1470 4539 1755 4626 wollir'stigen,
1776 4549 1965 4622 aberniclrt
2086 4539 2104 4572 '⁸
2176 4533 2179 4540 ,

1127 4661 1174 4704 an
1184 4637 1365 4726 falschen,
1396 4645 1645 4729 krtectmden,
1680 4653 1860 4744 bpshaftan
1880 4664 1966 4736 Cha·
2031 4675 2034 4686 ’
2147 4659 2152 4672 ’

1127 4767 1295 4816 momen·

204 4861 335 4948 stensele.
358 4855 622 4924 -Lavenl
648 4880 701 4924 c.-
728 4860 1040 4964 ‘Ausgezeiclmetq
1193 4873 1212 4900 '-

1581 4979 1741 5080 Cacsar
