4788 5702
187 371 443 438 ”-·ι

1106 279 1112 322 s

1125 466 1461 548 -1374-

416 669 505 718 nem
523 666 642 716 anrmt
660 661 813 734 rocavi
834 657 934 740 ergo
958 637 1441 736 expanstvamusculorum
1466 661 1553 734 pare
1582 660 1669 713 curn
1697 577 1743 712 od
1769 611 2000 734 consentiat,
2027 641 2208 736 necesse

419 775 497 856 est
535 765 841 880 Tantumrgrtur
865 769 988 859 abest
1016 782 1060 838 ut
1081 779 1223 864 corpus
1248 769 1460 838 antrorum
1488 765 1533 836 ad
1555 765 1730 840 slexronts
1757 769 1856 840 latus
1883 787 2101 866 curvetur,
2141 793 2211 842 ca·

414 913 565 994 putque
586 893 832 982 demittatur,
858 911 903 966 ut
922 893 1051 986 potius
1063 893 1175 990 spina
1200 893 1297 964 dorsi
1320 894 1526 964 retrorsum
1546 893 1708 964 tendens
1727 895 1916 992 erigatur,
1945 913 2067 990 caput
2087 897 2210 966 leve-²

358 1047 364 1066 ι
417 1041 481 1094 tur
489 1033 537 1092 et
557 1036 682 1091 ιοιιιιιι
703 1043 842 1114 corpus
860 1021 1134 1092 Extensoribus
1162 1022 1446 1091 extremitatum
1467 1019 1695 1090 inferiorum
1714 1024 1916 1128 agentibus
1934 1025 2119 1122 tollatur.
2156 1062 2211 1078 --

337 1139 341 1146 ’
417 1149 578 1224 Auctos
574 1167 642 1240 per
661 1147 767 1216 sen
744 1171 825 1216 ιιι
850 1171 1025 1218 ιιιιιιιιιιιιι
1051 1149 1191 1218 sortem
1219 1147 1402 1218 transitus
1426 1149 1480 1216 fit
1535 1147 1662 1216 Homo
1689 1169 1806 1216 anrmt
1826 1148 1972 1218 lortrs
1962 1168 2003 1220 ιιι
2026 1163 2212 1220 externa

373 1263 377 1266 ⁸
417 1273 714 1370 seopponentia
740 1273 902 1342 vertitur
927 1290 966 1342 et
994 1297 1156 1372 regnare
1184 1273 1372 1368 mundum
1399 1273 1529 1344 credit.
1585 1272 1745 1342 Animus
1775 1275 2045 1348 tantummodo
2078 1289 2213 1350 aucta

419 1397 646 1500 spas'usque
664 1398 709 1468 ad
728 1397 909 1468 fiduciam
928 1399 990 1468 est.
1044 1400 1162 1470 Liber
1180 1421 1272 1496 ergo
1298 1397 1487 1492 sortisque
1513 1411 1642 1488 recto,
1677 1399 1973 1494 paullulumqne
1996 1402 2208 1472 reclinato

326 1597 339 1606 .
420 1529 566 1624 capite,
593 1524 802 1596 recurvatis
827 1523 1001 1594 humeris
1026 1525 1191 1621 incedit,
1230 1526 1464 1618 extensoque
1491 1537 1672 1618 pectore,
1702 1525 1804 1619 quali
1826 1527 2209 1626 mundumirruen-

420 1673 499 1732 tem
525 1637 777 1746 inspiraturus
806 1650 1167 1765 assimilaturusque.
1236 1635 1406 1722 Gestus
1397 1651 1537 1750 agitur,
1575 1651 1752 1744 quibus'
1742 1655 1997 1746 imperamus,
2032 1625 2209 1728 fortasse

421 1806 576 1882 omnes,
614 1793 744 1848 motus
771 1742 976 1846 extenlorii
1002 1779 1100 1852 sunt.
1154 1781 1353 1870 imperans
1381 1799 1535 1848 manum
1562 1778 1737 1870 proiicit,
1775 1779 1995 1878 dignosque
2015 1780 2208 1854 extendit

421 1923 460 1980 et
488 1907 558 1978 nist
581 1921 736 1975 externa
765 1903 1002 1972 voluntatem
1025 1905 1259 1995 sequuntur,
1298 1901 1465 1972 similis
1456 1927 1496 1972 ιιι
1522 1897 1762 1974 extremitate
1789 1905 1972 1978 inferiore
2000 1911 2206 2002 repetitur

422 2029 612 2118 extensio,
642 2052 729 2098 cum
748 2026 1000 2098 vehementer
1017 2029 1179 2100 humum
1200 2029 1323 2121 pulsat
1346 2027 1487 2120 pedum
1508 2029 1763 2122 supplosione.
1818 2035 1923 2126 Quae
1945 2023 2207 2108 extensurum

421 2161 544 2248 aetio,
573 2152 684 2226 aucta
711 2151 853 2222 fiducia
880 2153 1013 2258 seusun
1036 2155 1161 2252 magis
1184 2169 1356 2252 augetur
1385 2170 1423 2224 et
1433 2154 1526 2224 boc
1547 2156 1662 2226 modo
1693 2151 1802 2230 sortis
1823 2159 1971 2232 animus
1990 2164 2140 2232 transit
2161 2161 2204 2231 in

421 2284 658 2383 superbiam,
693 2279 1036 2402 insolentiamque,
1080 2305 1244 2374 quarum
1268 2281 1382 2379 rrgtdr
1407 2281 1540 2350 lacerta
1570 2283 1736 2357 taedium
1765 2303 1936 2356 movent.
1991 2290 2201 2382 Superbus

289 2410 304 2428 ⁸
353 2403 383 2466 ¹·
423 2415 526 2484 enim
545 2409 715 2480 motibus
738 2407 1022 2476 extremitatum
1043 2407 1257 2498 tnoedrt,
1249 2431 1287 2476 ιιι
1315 2409 1454 2499 quibus
1486 2433 1543 2478 ιιι
1548 2411 1676 2479 Ηιιιιο
1703 2411 1829 2502 aliqua
1859 2415 2202 2504 animadvertitur,

398 2537 529 2642 ,quasi
548 2533 719 2608 arttoulr
728 2531 944 2626 ancylosr
923 2533 944 2600 s
952 2548 994 2604 nt
1017 2533 1247 2606 rmmobrles
1302 2536 1400 2640 Tota
1425 2533 1529 2628 spina
1558 2535 1653 2609 dorsi
1681 2539 1887 2614 retrorsum
1915 2541 2107 2634 vertitur,
2139 2565 2201 2612 ca·

423 2663 654 2760 putelatum
681 2639 926 2748 recurvatur,
955 2629 1278 2760 pectus⁰magnos
1300 2659 1368 2730 sibi
1392 2659 1507 2730 surnit
1534 2661 1710 2754 spiritus,
1749 2667 2069 2768 expanditurqule.
2129 2671 2201 2740 Fa·

426 2793 503 2862 cies
536 2805 667 2860 autem
697 2785 865 2858 eundem
900 2795 1094 2858 tumorem
1116 2786 1459 2878 extensionemque
1488 2789 1624 2879 ossert,
1672 2811 1769 2882 quae
1798 2804 1979 2865 truncum
2014 2813 2199 2892 occupat.

371 2975 375 2982 .
424 2921 515 2988 Non
532 2915 654 2986 solum
676 2937 780 2984 enrrn
798 2913 1044 3008 Interlprnosi
1072 2913 1169 2984 dorsi
1195 2913 1341 3007 spinam
1369 2913 1555 2984 dorsalem
1585 2916 1807 3008 retrahunt,
1835 2939 1915 2990 non
1936 2921 2060 2992 solum
2078 2940 2201 3020 caput
2282 2961 2287 2972 =
2357 2905 2358 2918 ἵ

271 3073 276 3080 ·
379 3127 383 3134 ,
423 3019 897 3134 musculisrectiscapitis
924 3039 1075 3133 posticis
1099 3056 1170 3112 etc.
1198 3041 1237 3131 (i.
1265 3063 1298 3111 e.
1326 3040 1965 3140 perfectioribusInterlpinolis)
1956 3073 1996 3118 ιιι
2016 3051 2199 3168 opistho-

421 3187 518 3240 tono
535 3165 735 3259 superbiae
753 3165 948 3254 relicitur,
977 3189 1110 3234 verum
1131 3167 1248 3236 cranii
1270 3165 1386 3258 ipsius
1410 3168 1687 3260 Interlpinosus
1706 3169 1770 3240 seu
1790 3173 1817 3242 F
1820 3173 1980 3244 rontalrs
1997 3159 2199 3290 contrabi·

425 3313 489 3364 tur
506 3307 545 3362 et
563 3291 671 3394 frona
690 3291 819 3364 versus
849 3289 954 3360 latus
972 3289 1228 3400 ιιιιιειιῐςιιὶιιιιι
1257 3291 1401 3362 dorsale
1426 3309 1588 3362 retracta
1616 3299 1883 3368 transversales
1903 3301 2021 3394 plicas
2040 3305 2196 3378 nobiles

425 3437 465 3492 et
482 3441 617 3518 graves
636 3417 815 3492 ostentat.
870 3416 1003 3491 Geuae
1033 3415 1216 3488 indantur
1242 3433 1285 3486 ut
1310 3433 1470 3512 pectus,
1509 3435 1547 3514 et
1566 3423 1792 3494 Exteusores
1821 3425 1898 3496 nasi
1917 3451 2027 3502 nares
2052 3457 2198 3527 expan-

426 3550 544 3636 dunt,
579 3541 808 3636 levantque,
844 3541 898 3612 ita
922 3557 986 3632 ut,
1025 3557 1167 3636 quanta
1193 3561 1335 3638 quanta
1363 3544 1404 3614 in
1431 3562 1516 3618 toto
1550 3569 1712 3641 corpore
1738 3553 1908 3624 versetur
1938 3557 2198 3629 Extensorum

425 3675 527 3746 aetio
547 3669 802 3750 consensualis
814 3721 825 3760 ,
842 3669 1150 3782 luculentisfima
1170 3687 1362 3764 appareat.
1417 3674 1501 3742 Imo
1528 3673 1684 3770 linguae
1703 3675 1803 3768 ipsae
1823 3655 2061 3799 superbiam,
2085 3685 2197 3758 sorti-

423 3799 622 3886 tudinem,
649 3797 753 3890 spem
772 3797 913 3866 talibus
936 3766 1157 3890 eirprimunt
1173 3797 1353 3890 symbolis
1375 3821 1475 3889 quae
1490 3799 1577 3894 plus
1596 3801 1773 3904 minusve
1792 3805 2062 3898 expansionem
2081 3809 2105 3880 Γ
2094 3836 2197 3912 gru

425 3927 543 3998 licant
580 3921 748 4011 (animus
779 3940 953 4010 erectus,
993 3921 1109 3993 elatio
1133 3923 1272 4010 animi,
1308 3921 1506 4016 superbia,
1542 3941 1673 3995 tumor
1702 3935 1803 4020 eto).
1830 3933 2021 4026 -1Spem
2052 3939 2196 4008 erunt.

321 4041 325 4048 ’
391 4093 396 4100 ·
424 4053 533 4124 inum
553 4045 580 4120 si
600 4047 756 4146 vigilem
778 4049 926 4118 animae
945 4047 1081 4118 statum
1101 4047 1228 4122 dicere
1254 4049 1368 4144 linet,
1397 4059 1529 4120 contra
1554 4051 1673 4123 timor
1700 4055 1854 4126 somnus
1879 4033 2196 4136 eius'nominan·

426 4177 511 4249 dus.
564 4175 687 4248 Sicuti
704 4176 745 4245 in
762 4175 895 4246 somno
915 4153 1059 4272 magua
1071 4176 1210 4250 virium
1231 4199 1317 4268 pars
1338 4177 1549 4282 retrahitur
1570 4179 1615 4248 ab
1636 4182 1803 4264 externis
1822 4183 1867 4254 ad
1888 4165 2038 4260 interna
2056 4189 2193 4290 igitur·

409 4328 504 4398 ‘que
523 4302 787 4400 organismum
805 4299 955 4395 placida
978 4301 1093 4371 flexio
1124 4302 1205 4370 sere
1229 4301 1452 4373 universalis
1473 4320 1582 4374 tenet
1608 4307 1760 4405 sublata·
1781 4309 2035 4383 conscientiae
2056 4332 2094 4386 et
2113 4319 2197 4396 seu·

426 4431 537 4502 suurn
553 4431 654 4517 luce,
673 4428 728 4497 ita
745 4427 786 4498 in
803 4441 911 4498 metu
930 4429 1087 4520 quoque
1109 4429 1223 4498 flexio
1242 4429 1519 4528 organismum,
1545 4431 1608 4502 sed
1627 4413 1862 4526 spasmodice
1883 4424 2055 4532 corripit,
2074 4465 2192 4536 quum

431 4573 565 4646 contra
583 4555 625 4625 in
642 4551 751 4650 vigili
767 4553 865 4622 statu
883 4569 923 4626 et
944 4553 1008 4647 spe
1027 4555 1256 4626 Extensore's
1274 4555 1361 4648 plus
1380 4553 1557 4629 minusve
1576 4557 1616 4626 in
1635 4561 1827 4632 actionem
1847 4583 2119 4656 provocantur.
2227 4561 2228 4564 ¹

1242 4695 1278 4771 r·
1325 4689 1398 4758 ιιι

481 4819 494 4907 ’1
532 4802 744 4900 Superbiae
765 4794 812 4878 et‘
820 4803 901 4902 spei
921 4819 1050 4879 autern
1066 4807 1242 4906 proxime
1266 4807 1309 4880 in
1325 4784 1504 4881 motuum
1522 4807 1769 4885 similitudine
1788 4813 1932 4918 adstant
1950 4803 2137 4920 curiofitas
2157 4831 2194 4889 et
2213 4786 2227 4842 '³

1748 4933 1756 4974 r
1829 4929 1834 4938 .
