4786 5708
962 393 1544 532 ''rite-M

258 637 262 644 ·
384 597 505 672 ctrina
524 617 640 696 etque
659 601 880 678 eruditione
898 603 1115 694 oblectare,
1158 603 1308 681 nobiles
1335 605 1567 700 equitesque
1587 604 1631 676 ad
1653 605 1790 680 altiora
1807 607 2008 680 literarum
2029 607 2158 680 studia

384 727 511 818 evehi,
541 729 802 803 adolescentes
823 755 1046 832 puerosque
1064 731 1109 804 ad
1104 734 1351 842 linguarum
1370 733 1635 832 cognitionem
1658 737 1825 828 excitare
1845 736 2028 830 impense
2023 751 2151 830 atque

380 835 721 956 impigrestuduit
777 859 983 932 Caeterum
1009 860 1047 930 td
1069 883 1225 952 quoque
1248 860 1361 948 lectt,
1404 861 1893 963 utrantoinhominum,
1923 865 2180 968 quorumin,
2280 895 2288 908 =

379 978 557 1056 notitiam
585 993 837 1080 pervenerat,
882 989 1114 1061 commercio
1143 1001 1260 1082 atque
1288 987 1564 1060 coniunctione
1594 1001 1634 1058 et
1652 987 1719 1062 libi
1738 987 1806 1084 ipsi
1827 987 2014 1088 inignem
2033 987 2153 1062 libro-

263 1107 266 1114 '
303 1204 307 1212 ι
380 1113 1131 1210 rumtuncrarorumcopiampareret,
1165 1129 1204 1184 et
1224 1111 1594 1212 Heidelbergensem
1615 1109 1924 1216 bibliothecam,¹
1948 1113 2154 1188 aDalbtir·

382 1239 447 1334 gio
470 1239 711 1338 vangionum
732 1241 912 1359 episcopo
939 1241 1002 1312 vix
1028 1241 1250 1330 fundatam,
1290 1241 1430 1312 mirum
1449 1242 1490 1310 in
1509 1257 1698 1332 quantum
1717 1241 1949 1340 adaugeret,
1987 1239 2153 1314 colloca·
2217 1314 2221 1323 ,

375 1381 443 1438 ret
461 1382 501 1436 et
519 1382 685 1441 ornaret.
718 1369 821 1462 Quin
839 1368 916 1465 ipse
937 1348 1123 1454 Saltoniee
1141 1369 1288 1462 elector
1307 1369 1332 1438 F
1337 1366 1536 1456 ridericur,
1555 1363 1790 1468 cognomine
1806 1371 1979 1464 Sapiens,
1998 1369 2154 1440 Reuclt·

383 1495 507 1566 linum
527 1517 705 1590 quoque,
752 1519 866 1590 quem
893 1497 967 1568 iam
986 1491 1069 1566 tuni
1091 1495 1277 1590 temporie
1296 1493 1427 1590 magni
1445 1495 1684 1584 aestimabat,
1720 1496 1761 1566 in
1779 1496 2031 1572 celeberrima
2049 1496 2150 1568 litte·

377 1645 513 1720 ,rarum
546 1623 797 1694 universitate
829 1623 1076 1720 Witebergae
1112 1621 1379 1718 inauguranda
1406 1621 1596 1692 suasorem
1634 1637 1751 1716 atque
1780 1639 1980 1706 auctorem
2014 1623 2153 1698 voluit.

386 1747 521 1822 Noster
539 1747 641 1823 idem
662 1752 810 1844 aliquot
830 1750 1048 1844 annisante
1067 1751 1166 1820 vitae
1187 1747 1379 1818 decessum
1399 1763 1630 1842 praeceptor
1653 1747 1811 1848 linguae
1834 1773 1995 1846 graecae
2020 1765 2062 1822 et
2084 1750 2157 1822 he·

384 1877 555 1966 broicae,
596 1877 761 1972 publicis
787 1877 999 1948 caussarum
1024 1875 1192 1974 negotiis
1223 1873 1430 1964 abdicatis,
1467 1873 1731 1970 Angelopolin
1756 1897 1778 1946 a
1803 1875 2155 1950 Bavarorumduce

386 1985 566 2094 vocetus',
593 2005 737 2074 summa
757 2027 844 2074 cum
865 2001 979 2074 laude
996 2003 1193 2100 ingentem
1214 1999 1487 2096 discipulorum
1507 2023 1715 2074 numerum
1733 2025 1804 2096 per
1820 2007 1965 2074 annum
1987 2001 2154 2078 edocere

385 2133 542 2230 incepit.
595 2131 775 2202 Sueviam
799 2145 949 2220 autem,
978 2147 1099 2230 quam,
1120 2127 1214 2200 belli
1240 2127 1362 2198 caussa
1385 2127 1618 2220 reliquerat,
1663 2151 1756 2222 pace
1783 2129 1994 2224 compobte
2018 2129 2154 2222 redux,
2184 2157 2194 2226 j

287 2321 293 2334 ,
384 2260 514 2332 multis
535 2257 722 2354 precibus.
736 2237 969 2352 perductus,
996 2256 1217 2352 Tubingam
1236 2254 1401 2326 docendi
1415 2254 1545 2349 ,ceusi'a
1564 2253 1696 2344 venit,-
1710 2277 1783 2326 nec
1802 2259 1927 2331 multo
1945 2257 2032 2353 posi
2054 2258 2158 2332 obiit

387 2395 446 2480 (A.
467 2407 585 2478 r5oo,
617 2383 654 2455 d.
680 2367 730 2474 3⁰
757 2385 861 2495 ips).
914 2384 976 2456 Sic
992 2384 1231 2474 litterarum,
1257 2405 1351 2476 ques
1371 2379 1591 2454 adolescens
1608 2381 1799 2474 Bauteae,
1822 2381 1995 2470 ‚Genetri
2011 2387 2154 2485 ethic·

359 2517 541 2590 ‘tonibus
560 2513 708 2586 Galliae
727 2513 930 2606 Aquitanis
948 2511 1180 2600 tradiderat,
1215 2509 1496 2582 institutionem
1520 2507 1778 2584 academicam
1803 2511 1919 2582 etiam
1944 2511 2059 2596 senex
2080 2511 2152 2586 de·

386 2669 465 2736 nuo
492 2639 751 2712 tradere-non
776 2639 1014 2710 detrectavit.
1076 2640 1133 2710 Ex
1160 2637 1300 2732 quibus
1329 2633 1510 2706 omnibus
1529 2635 1606 2708 iem
1630 2637 1718 2708 satie
1737 2637 1869 2708 elucet
1885 2637 2151 2714 Reuchlinum

385 2771 555 2844 nostrum
575 2769 641 2840 suo
660 2745 820 2866 ingenio
843 2767 904 2836 sua
930 2763 1103 2874 doctrine
1124 2765 1271 2865 suoque
1293 2762 1416 2834 studio
1438 2761 1480 2832 in
1496 2777 1620 2837 totam
1635 2764 1867 2852 Germaniae
1888 2781 2154 2864 gentem2tan·

269 2909 274 2920 '
300 2971 306 2988 ,
384 2919 460 2972 tam
480 2899 558 2969 vim
576 2893 803 2983 exhibuisse,
831 2907 977 2967 tantam
997 2891 1220 2964 intenebris
1239 2891 1368 2965 lucem
1387 2889 1622 2982 accendille,
1648 2905 1874 2990 tantamque
1899 2893 2154 2988 flammantia

361 3073 364 3088 ·
385 3029 523 3118 scholis
552 3021 765 3118 inspirasse,
803 3027 985 3116 quantam
1003 3019 1108 3092 illiue
1127 3019 1211 3092 aevi
1229 3018 1269 3088 in
1288 3017 1494 3115 Germania
1514 3011 1632 3092 nemo
1650 3019 1809 3113 potuit',
1840 3021 1912 3102 nee
1930 3021 2048 3124 ,aliua
2066 3025 2153 3118 quia

388 3161 447 3228 vix
477 3153 604 3252 postea
640 3149 824 3244 potuerit.
894 3151 975 3222 Iam
1010 3169 1154 3218 nomen
1188 3145 1272 3218 eiua
1298 3160 1414 3238 atque
1439 3143 1540 3226 sama
1575 3145 1616 3218 in
1651 3159 2001 3240 omneeterrarum
2028 3151 2157 3248 regio-

205 3275 210 3284 ’
278 3291 284 3311 “
385 3309 452 3356 nes
481 3277 738 3380 permanavit,
773 3275 825 3346 ita
846 3291 889 3346 ut
906 3273 1145 3382 Trithemius
1166 3271 1336 3366 aequalis
1358 3272 1410 3373 'de
1439 3293 1486 3344 eo
1516 3271 1680 3342 diceret:
1727 3273 1915 3364 „Nullum
1942 3275 2172 3380 nobisnou.
2209 3332 2213 3338 .

385 3413 501 3486 modo
527 3407 636 3492 Italia
664 3404 727 3478 se'd
754 3428 804 3474 rte
831 3399 1002 3474 seculum
1028 3401 1199 3503 nostrum
1226 3397 1383 3494 quidem
1408 3397 1501 3470 huic
1526 3413 1635 3470 tanto
1660 3397 1743 3470 viro
1769 3415 1906 3492 parem
1926 3401 2157 3482 obiicerem

385 3513 754 3618 Ullicuslluttenus
783 3547 875 3603 eum
905 3553 980 3602 una
1008 3551 1094 3602 cum
1114 3533 1272 3607 Erasmo
1305 3527 1461 3626 egregie
1486 3525 1543 3620 ita
1560 3525 1713 3615 laudat:¹
1748 3527 1858 3616 „Hos
1879 3525 2159 3605 duosfierma·

287 3723 289 3730 ·
385 3673 472 3742 niae
491 3667 626 3742 oculos
645 3662 749 3734 omni
768 3657 892 3732 studio
911 3655 1120 3757 amplexari
1139 3644 1339 3744 debemus,
1363 3677 1432 3750 per
1452 3675 1519 3725 eoa
1546 3651 1651 3724 enim
1668 3651 1828 3742 barbara
1851 3651 1933 3754 elle,
1949 3655 2036 3736 finit
2055 3655 2159 3730 baec
2263 3737 2273 3752 ⁵

385 3798 534 3872 natiot“
593 3791 710 3896 idm
731 3810 823 3860 vero
853 3766 1033 3860 duumvir
1051 3781 1232 3867 Ereemus
1265 3781 1360 3855 olim
1379 3780 1426 3854 ed
1446 3781 1622 3872 Leonem
1637 3777 1870 3892 X,serips1te
1897 3783 2072 3874 „Merito
2095 3785 2158 3864 ri.

386 3949 473 4000 rum
508 3923 614 4008 bunc
633 3903 876 4012 Capdionem
900 3909 1227 3987 ceuPhoenicem
1255 3909 1466 4011 etunicum
1484 3907 1595 3978 suum
1615 3904 1733 3978 decue
1754 3921 1837 3996 tota
1850 3909 2008 4004 suspicit
2024 3923 2068 3982 ae·
2087 3930 2160 3987 ,ee-

384 4069 543 4126 neratur
562 4044 809 4130 Germania.“
852 4025 915 4112 'Ac
937 4039 1086 4140 summo
1106 4038 1191 4122 iure
1219 4039 1251 4108 is
1274 4037 1503 4134 trilinguem
1526 4033 1645 4130 illum,
1665 4030 1749 4138 post
1774 4035 1892 4106 vitem
1917 4040 2158 4126 exactamin

359 4187 602 4258 -sanctorum
620 4193 785 4244 numero
804 4191 928 4294 prope
950 4163 1081 4257 divum
1101 4162 1407 4260 Hieronymum,
1440 4158 1641 4258 apotheosi
1658 4157 1818 4260 scripta,
1859 4161 2159 4240 haberi'voluit.

387 4316 562 4406 Quantos
582 4301 733 4374 fructus
754 4319 801 4370 ex
817 4295 890 4371 hae
915 4293 1018 4366 inter
1042 4289 1221 4364 homines
1247 4293 1331 4362 eiua
1345 4287 1482 4396 gloria
1508 4309 1553 4362 ac
1579 4285 1767 4391 dignitate
1790 4301 1895 4365 aetas
1919 4287 1985 4396 ilia
2010 4293 2161 4388 ceperit

386 4459 505 4536 porro
523 4427 753 4503 videbimus.
772 4461 825 4480 -
1454 4490 1456 4500 ,
2190 4514 2200 4520 -

488 4561 633 4632 Verum
653 4552 852 4626 enimuero
866 4571 942 4643 noe
958 4519 1164 4645 bucusque
1177 4507 1471 4617 Reucblinum
1459 4565 1502 4614 ιιι
1516 4563 1612 4638 pace
1631 4489 1828 4616 necdum
1815 4561 1859 4616 ιιι
1875 4543 1979 4620 bello
1998 4567 2161 4642 quoque

389 4693 525 4801 utilem
543 4684 655 4758 luisse
678 4677 959 4779 cognovimue.·
999 4674 1151 4770 bellurn
1170 4673 1275 4762 anim
1296 4669 1480 4764 οιιιιιὶιιο,
1507 4669 1535 4740 li
1556 4693 1632 4765 qua
1652 4669 1847 4778 interdum
1867 4691 1966 4766 pace
1986 4671 2159 4748 fruetuu-

264 4895 267 4903 ,
391 4790 465 4894 lius
492 4815 688 4902 videatur,
732 4807 825 4878 hoc
835 4799 1351 4886 cartelleuchlinibellum,
1390 4782 1670 4888 utitadicam,
1710 4795 1815 4892 quod
1832 4815 1969 4870 contre
1986 4801 2203 4884 mernr
