4788 5702
1101 399 1158 488 ‘w
1234 431 1311 510 ιιι
1381 399 1481 516 ὦ,

391 617 634 708 Ventriculus
653 609 858 705 quasdam
863 631 978 680 ranae
997 620 1134 702 partee
1153 605 1398 694 continebat,
1435 621 1572 708 omnes:
1595 613 1723 673 autent
1731 595 1877 688 iacens
1886 589 2011 666 ebrios
2029 583 2158 689 fingit·

325 745 463 819 leri
478 743 654 844 quodam
668 737 783 819 modo
802 751 972 808 mutatos
991 733 1175 819 osieudi3
1195 729 1401 802 abdomine
1420 731 1522 802 anim
1544 742 1678 822 aperto
1703 723 1861 794 statim'
1852 745 1894 792 ιιι
1904 719 2159 818 conspectum

290 911 291 919 ι
389 873 602 946 veniebam
618 865 714 938 sacci
732 863 826 934 aerii
843 861 1019 951 maximi,
1050 861 1206 962 renibus
1225 831 1506 934 incumbentes·
1514 859 1563 926 et
1574 879 1661 926 cum
1677 850 1752 924 illis
1773 847 1951 942 connati,
1980 839 2161 950 rubicrln-

281 977 284 988 ἱ
366 1001 443 1072 do
465 999 595 1070 colore
614 991 799 1088 praediti
827 987 933 1062 incili
953 1011 1033 1060 non
1053 987 1357 1073 collabebantur,
1386 984 1545 1054 odorem
1565 997 1695 1052 nutem
1717 976 1943 1074 pergebant
1962 967 2162 1062 1111cateq
2240 1069 2243 1072 ι

299 1151 305 1156 ·
390 1149 482 1227 rum
498 1144 714 1220 novorum,
740 1117 946 1192 mucerline
966 1114 1225 1206 abductorum
1245 1075 1495 1204 fimillimum,
1522 1107 1641 1198 adeo,
1669 1115 1733 1194 ut,
1760 1102 1787 1172 li
1807 1101 1892 1198 quie
1912 1097 2049 1168 eodem
2068 1107 2165 1162 tem·
2175 1132 2178 1136 ·

386 1275 492 1348 pore
511 1247 731 1320 cubiculum
749 1244 932 1338 intrasset,
959 1241 1053 1310 talea
1078 1239 1232 1309 coleos
1223 1261 1264 1308 ιιι
1283 1239 1349 1327 illo
1369 1219 1491 1310 adesse
1511 1231 1735 1324 crediderit3
1762 1225 1902 1322 incisis
1902 1242 2081 1296 ιιιοιιιιιι
2099 1237 2165 1310 pa·

393 1379 531 1450 r-ietes
542 1396 703 1470 proprus
723 1369 895 1464 indagati
923 1366 1031 1454 valde
1057 1363 1248 1434 incrassati
1272 1362 1617 1458 inveniebantur,
1631 1371 1741 1426 erant
1770 1354 1871 1424 enim
1900 1350 2041 1438 unius,
2072 1343 2165 1414 dua·

215 1487 218 1497 .
328 1579 332 1590 ,
396 1526 486 1577 rum
503 1507 543 1572 et
561 1499 664 1593 quod
683 1494 851 1567 excurrit
872 1493 1063 1562 linearum
1083 1511 1144 1568 cra
1147 1479 1266 1576 litae,
1304 1486 1440 1576 eorum
1466 1443 1671 1554 substantia
1696 1481 1784 1551 satis
1813 1495 1947 1568 tenax,
1975 1498 2015 1544 ιιι
2034 1472 2166 1565 plures
2263 1571 2271 1582 ι

396 1625 559 1706 laminae
579 1623 698 1694 sissrlie
720 1635 820 1710 erat,
851 1639 1013 1712 quarum
1042 1615 1203 1702 extima,
1237 1611 1402 1682 faciliori
1420 1609 1579 1707 negotio
1600 1605 1805 1702 separanda
1824 1603 2055 1697 (naturalem
2073 1593 2169 1668 sacci

332 1809 337 1836 .
396 1753 661 1826 membranam
677 1747 787 1820 luisse
807 1746 920 1838 puto)
941 1763 1126 1838 magnum
1146 1737 1323 1808 vasorum
1348 1735 1598 1824 minimorum
1617 1757 1822 1804 nnmerum
1844 1722 2122 1814 ostendebat,
2112 1743 2167 1792 ιιι-

306 1907 310 1918 “
400 1880 566 1950 teriores
594 1889 724 1945 autern
748 1871 919 1944 laminae
934 1867 1071 1938 massae
1099 1863 1359 1934 albuminosae
1386 1861 1561 1932 densatae
1578 1861 1742 1956 speciem
1760 1859 1888 1952 praese
1868 1855 2102 1940 aserebant,
2128 1861 2168 1918 et

398 2004 536 2080 intima
551 2001 679 2102 saties
682 2018 785 2094 ongo
806 2018 965 2077 mucore
990 1991 1195 2072 mucedine
1220 2005 1302 2059 tota
1330 1987 1661 2076 obducebatur,
1651 2008 1693 2056 ιιι
1711 1985 1807 2056 sacci
1832 2007 1924 2081 cavo
1943 1980 2072 2050 nullus
2092 1976 2165 2046 hu·

304 2125 316 2168 ”
398 2155 487 2206 mer
512 2124 897 2214 animadvertebatur.
965 2113 1133 2217 (ssorum
1164 2119 1361 2188 saccorum
1390 2137 1513 2183 unum
1541 2111 1706 2184 adhuc
1696 2135 1738 2182 ιιι
1764 2111 1899 2204 spiritu
1927 2093 2005 2184 vini
2029 2101 2165 2198 servo.)

398 2255 507 2328 Sacci
527 2252 620 2322 aerii
639 2251 821 2336 minores,
825 2247 1079 2340 superiores,
1107 2243 1205 2312 infra
1224 2242 1432 2336 pulmones
1452 2239 1517 2316 liti,
1527 2239 1664 2336 eodem
1684 2238 1801 2310 modo
1818 2235 2006 2306 incrassati
2023 2249 2061 2304 et
2080 2253 2165 2304 mu·

301 2408 304 2420 ·
401 2363 491 2455 core
511 2377 670 2449 obducti
687 2389 815 2463 erant,
842 2371 905 2440 sed
923 2371 1070 2460 minus,
1107 2393 1222 2462 quam
1247 2369 1434 2456 maiores,
1473 2366 1673 2454 destructi,
1707 2367 1748 2434 in
1778 2333 1919 2434 lamina
1943 2357 2166 2458 praesertim
2196 2365 2198 2368 ’

299 2555 313 2568 ,
348 2597 352 2606 ι
401 2489 544 2578 extima
565 2501 717 2572 facilius
736 2499 863 2571 adhuc
882 2495 1067 2566 naturalia
1086 2495 1182 2574 socci
1201 2495 1423 2566 membrana
1446 2489 1813 2590 recognoscebatur,
1841 2481 1942 2559 inter
1965 2475 2171 2588 mucorem*
2196 2519 2200 2525 ·

402 2648 443 2704 et
460 2629 646 2710 laminae
637 2627 790 2696 intimas
808 2624 895 2702 stria
914 2621 1021 2718 nigra
1046 2619 1440 2728 animadvertebatur,
1476 2641 1574 2714 quae
1601 2611 1854 2712 microscopio
1872 2617 2062 2714 lustratae
2081 2635 2166 2684 mu-

404 2751 494 2830 core
513 2755 672 2844 siccato,
700 2751 855 2822 densato
873 2749 1038 2830 formata
1059 2746 1132 2820 else
1150 2721 1372 2836 videbatur,
1400 2767 1474 2838 que
1497 2743 1552 2814 de
1564 2768 1604 2814 re
1622 2759 1752 2844 autem
1770 2744 1879 2814 nullo
1897 2743 2013 2814 modo
2035 2755 2163 2812 certus

309 2877 314 2884 ’
399 2855 498 2998 lum.
544 2881 709 2978 (Horum
727 2879 921 2948 saccorum
941 2897 1061 2944 unum
1078 2873 1200 2944 servat
1218 2886 1470 2970 praeceptor
1464 2873 1609 2940 summe
1627 2871 1866 2942 venerandus
1887 2845 2164 2962 Blurnenbnclr.)
2239 2872 2249 2888 “

306 3097 312 3108 .
403 2979 550 3083 Maiori
568 3022 697 3076 autem
715 3027 801 3074 cum
824 2985 1076 3072 admiratione
1092 2999 1219 3070 saccos
1240 2997 1364 3068 aerios
1382 2998 1492 3066 inter
1510 2998 1706 3069 musculos
1726 2999 1937 3092 pectorales
1960 2998 2069 3086 titos,
2097 2993 2167 3088 qui

337 3111 339 3114 Ι
404 3125 912 3215 inciconiamaximisunt,
952 3125 1126 3214 lustravi,
1149 3123 1296 3196 horum
1324 3125 1546 3198 membrana
1567 3123 1781 3196 naturalem
1800 3124 2065 3222 praeseferre
2086 3123 2166 3216 spe

409 3261 508 3352 ciem
535 3256 757 3352 videbatur,
791 3253 857 3349 hic
880 3253 960 3323 illic
990 3249 1259 3322 tantummodo
1289 3263 1427 3343 parvos
1453 3247 1620 3320 mucoris
1645 3213 2167 3344 propullulantisacervulos
2219 3317 2224 3329 ,

375 3473 379 3482 ι
410 3383 614 3478 conspexi3
644 3373 904 3472 membranam
928 3377 1176 3478 amuscrrlis,
1213 3349 1352 3470 quibus
1375 3367 1642 3466 incumbebat,
1677 3377 1866 3470 separavi,
1895 3401 1971 3470 quo
1991 3377 2166 3470 sactosu

239 3557 245 3568 .
318 3527 321 3532 ·
345 3537 349 3544 ·
376 3495 379 3502 ’
406 3512 609 3616 perficiem
635 3497 737 3575 illius
756 3521 955 3576 externam
973 3499 1224 3598 microscopio
1249 3503 1480 3598 perlustrans
1509 3526 1590 3574 non
1613 3501 1690 3574 sine
1714 3503 1967 3575 admiratione
1984 3505 2051 3574 sub
2073 3527 2170 3574 uno-

328 3711 332 3716 ,
413 3643 570 3734 quo'que
597 3632 766 3738 mucoris
793 3633 971 3703 acervulo
993 3628 1242 3754 minimorum
1268 3631 1442 3721 vasorum
1460 3630 1685 3724 penicillum
1705 3618 1976 3720 animadverti,
2002 3646 2095 3700 tunc
2112 3631 2170 3700 su·

311 3839 317 3858 ,
363 3841 367 3848 ,
408 3763 608 3881 perficiem
628 3759 902 3828 membranae
892 3773 1103 3848 internam,
1142 3779 1243 3853 quae
1265 3755 1388 3826 oculte
1410 3755 1521 3826 uudrs
1539 3757 1614 3826 vila
1633 3757 1778 3832 nnllam
1792 3755 2050 3838 mutationem
2069 3739 2187 3828 morv

335 3953 339 3958 .
405 3872 539 3962 bosam
558 3883 799 3972 ostendebat,
828 3884 1084 3987 microecopio
1103 3849 1368 3980 contemplans
1387 3879 1488 3948 hanc
1512 3903 1669 3974 quoque
1684 3849 1880 3976 punctulis
1898 3881 2070 3956 minimis
2088 3887 2169 3958 mu·

373 4068 393 4084 ..
413 4012 511 4117 coris
530 4009 853 4104 propullulantia
851 3988 1010 4094 oblitam
1026 4008 1135 4100 vidi,
1144 4019 1339 4103 caeterum
1367 4005 1587 4108 membrana
1612 4029 1692 4076 non
1716 4007 1913 4078 incrassata
1929 4009 2004 4078 soit
2022 4021 2066 4080 et
2074 4033 2170 4104 pun·
2229 4063 2238 4068 -

350 4221 379 4236 ,Ι
412 4138 526 4240 ctnlis
545 4135 621 4205 illis
648 4136 816 4248 eirceptis
843 4138 951 4208 nullo
972 4131 1087 4235 modo
1107 4155 1129 4204 a
1147 4130 1313 4202 naturali
1338 4101 1562 4232 conditione
1590 4131 1766 4204 aberrare
1792 4134 1866 4206 visa
1894 4135 1957 4204 est.
2018 4135 2171 4210 Pulmo-

406 4230 504 4337 lirini
523 4241 783 4358 perenchyma
802 4265 934 4334 sanum
952 4235 1048 4352 fuit,
1079 4273 1118 4330 et
1127 4259 1173 4328 Ιιι
1188 4257 1274 4352 ipsis
1292 4221 1490 4330 branchiis
1508 4257 1659 4328 nullum
1676 4256 1845 4332 mucoris
1864 4261 2063 4358 vestigium
2083 4287 2174 4334 con·

409 4391 525 4487 spexi.
582 4387 726 4461 Ollium
744 4393 833 4458 cava
853 4389 1010 4458 lustrare
1027 4383 1261 4491 debuissem,
1298 4385 1363 4454 sed
1380 4385 1548 4456 sceleton
1565 4377 1730 4512 perdere
1745 4385 1874 4488 nolui,
1901 4387 2044 4458 sceleto
2058 4385 2171 4460 licca-

405 4535 449 4590 ιο
476 4513 675 4610 questam
681 4515 854 4588 maculas
880 4511 927 4583 in
942 4511 1082 4583 ossibus
1108 4507 1198 4582 aare
1222 4505 1403 4628 repletis
1413 4505 1614 4608 conspexi,
1649 4533 1748 4604 quae
1765 4535 1786 4584 a
1803 4509 1963 4582 mucore
1983 4511 2169 4586 exsiccato

290 4715 296 4722 ,
406 4643 599 4743 brigittam
617 4640 767 4710 traxisse
776 4637 1025 4708 videbantur
1079 4635 1191 4709 Tunc
1216 4657 1373 4733 quoque
1403 4623 1542 4712 costam
1562 4636 1705 4710 liutem
1720 4637 1848 4712 latens
1865 4637 2025 4712 tractam
2043 4639 2166 4734 sursie,
2220 4635 2223 4640 ’

405 4747 576 4842 seillam
582 4759 707 4873 paene
714 4751 966 4854 consonarent
982 4745 1062 4850 ‚elle
1079 4760 1402 4868 animadverti.

649 4987 672 5008 1
697 4967 720 5032 ,s
