4786 5708
1000 463 1007 470 ’
1124 490 1181 516 “·
1254 468 1333 548 434
1408 487 1463 514 ··
1526 529 1535 558 ,

411 647 475 719 rel
501 643 645 718 intrusa
666 643 851 731 facillimo
874 640 1034 740 negotio
1059 641 1171 728 alteri
1191 641 1390 714 conciliari
1406 641 1546 736 potest
1595 605 1727 714 itlulto
1743 641 1896 736 minus,
1932 659 1977 716 ut
1993 645 2181 720 Stareren

413 773 635 864 contendit,
682 772 774 844 iude
807 769 1063 868 intelligitur,
1115 769 1340 844 Cornelium
1369 793 1390 840 e
1417 767 1646 863 Thucydide
1670 793 1753 842 non
1777 771 1851 840 elle
1878 773 2176 850 emendandum.

194 973 209 984 ,
311 948 316 957 ,
362 971 369 978 ,
410 900 492 972 Vox
508 902 639 997 procul
654 899 804 994 ubique
823 911 867 968 ut
883 897 1006 970 Servii
1023 897 1149 968 verbis
1166 897 1214 973 acl
1231 897 1337 994 Virg.
1358 901 1454 970 Aen.
1472 895 1535 968 VI.
1561 908 1744 990 ro.'utar,
1768 901 1930 974 iuratust
1945 901 2075 1014 longe,
2109 904 2177 976 len

379 1077 385 1092 ·
409 1029 588 1110 maiorem
612 1045 650 1104 et
672 1031 850 1102 minorem
875 1024 1090 1098 distantiam
1115 1023 1323 1122 fignificat,
1365 1038 1492 1099 utrem
1517 1023 1838 1122 fignification'em
1856 1029 2067 1102 verborum
2085 1051 2176 1114 oon·

331 1161 337 1170 “
408 1159 539 1226 textus
565 1145 719 1248 suadet,
764 1153 820 1226 ita
847 1167 892 1224 ut
916 1151 1033 1222 verba
1052 1153 1214 1250 ,procul
1239 1137 1287 1226 ab
1312 1177 1354 1226 eo
1378 1151 1486 1226 loco⁴‘
1510 1151 1648 1224 eodem
1676 1151 1786 1224 sensu
1813 1153 1914 1225 dicta
1944 1155 2038 1245 fint,
2080 1155 2177 1240 ccli

406 1281 592 1376 scriptum
610 1286 723 1376 ellat,
738 1285 845 1372 ,alim
872 1303 952 1352 non
972 1277 1110 1350 eodem
1128 1280 1239 1370 loco,
1265 1279 1306 1349 in
1323 1262 1399 1373 pue
1417 1293 1595 1350 mortuus
1611 1279 1675 1352 est.
1726 1279 1839 1352 Hanc
1853 1281 2178 1380 significationem

407 1407 502 1508 huic
521 1411 682 1510 voculae
698 1410 839 1490 inelle,
873 1407 951 1481 iem
969 1406 1084 1476 tritae
1101 1405 1192 1477 istae
1210 1406 1423 1510 formulae,
1458 1405 1624 1498 Procul,
1648 1407 1787 1500 procul
1805 1407 1880 1479 este
1899 1409 2054 1502 profani
2064 1409 2176 1508 Virg.

407 1537 567 1608 Aeneid.
621 1537 763 1612 Procul
787 1535 904 1624 hinc,
938 1532 1159 1628 proculato
1184 1547 1372 1606 nocentes
1397 1535 1509 1606 Stat.
1500 1533 1597 1627 ⁸.Syl
1620 1533 2178 1652 III,5..1nnocniveniant,

256 1659 260 1668 '
378 1663 549 1756 procul
575 1627 668 1734 lrinc
696 1661 872 1760 procul
861 1661 1005 1756 1mpius
1031 1661 1123 1732 esto.
1175 1661 1289 1738 ovid.
1312 1661 1405 1732 Falt.
1432 1662 1484 1752 ll,
1506 1671 1591 1748 958.
1610 1663 1775 1758 probare
1796 1661 1993 1736 videntur
2040 1663 2145 1738 Ηιι
2133 1686 2179 1736 ιιι

407 1787 504 1868 locis
521 1789 634 1863 idem
656 1789 708 1860 e'lt
727 1789 858 1887 procul
876 1789 949 1857 elle
971 1809 1015 1856 ac
1033 1789 1216 1878 recedere,
1240 1787 1388 1878 abesse,
1427 1811 1546 1880 quum
1567 1785 1624 1858 illi
1639 1789 1843 1860 formulae
1849 1791 2023 1886 opposita
2039 1789 2086 1864 lit
2103 1813 2181 1864 vox

411 1915 588 1990 accedere.
640 1919 778 2010 Itaque
801 1915 898 1986 illud
923 1917 1051 2038 procul
1077 1913 1236 1985 deloco
1261 1913 1352 2007 plus
1374 1907 1556 1985 minusve
1578 1929 1729 1988 remoto
1752 1917 1939 2022 intelligi,
1979 1917 2180 2014 Thucydi·

318 2059 324 2066 '
409 2041 548 2136 disque
567 2041 786 2149 testimonio
809 2041 975 2112 maxime
984 2005 1297 2112 ‘consentaneum
1317 2039 1424 2112 reddi
1446 2041 1582 2135 potest.
2041 2057 2045 2064 ·

428 2241 433 2244 ,
509 2168 627 2240 Aliud
649 2153 765 2242 fellae
789 2167 1084 2264 explicationis,
1126 2191 1200 2262 qua
1221 2163 1399 2238 Bremius
1414 2165 1595 2238 seductus
1614 2165 1692 2264 ipsa
1709 2182 1840 2240 textus
1861 2166 1975 2242 verba
1993 2167 2178 2242 mutanda

354 2388 358 2394 ι
410 2297 576 2386 censuit,
613 2296 834 2389 exemplum
861 2295 1007 2392 legitur
1032 2295 1144 2392 Ager.
1164 2295 1229 2383 VI,
1254 2316 1292 2382 5.
1308 2283 1378 2364 fad
1395 2294 1730 2366 enunciationemr
1753 2301 1966 2393 ,Namque
1989 2275 2040 2370 ild
2065 2315 2177 2371 aucto

340 2425 347 2434 '
408 2432 561 2495 nurnero
583 2445 732 2510 corum,
771 2423 833 2518 qui
858 2438 1023 2528 expertes
1051 2438 1156 2496 erent
1180 2411 1316 2520 confidi
1339 2445 1570 2496 cornmooere
1586 2415 1633 2524 se
1655 2447 1728 2498 non
1744 2417 1840 2526 sunt
1859 2415 1977 2526 oufi.“
2027 2425 2176 2515 Bofius,

408 2549 606 2640 Bremius,
641 2549 785 2634 Bardili
812 2551 930 2620 verbo
958 2565 1070 2624 aucto
1094 2549 1249 2640 offenli,
1284 2547 1450 2621 illudio
1477 2551 1579 2622 aucti
1595 2535 1914 2624 commutandum
1932 2553 2175 2648 cepsuerunt.

408 2679 583 2770 Uterque
608 2678 729 2776 varias
751 2674 1033 2788 interpretandi
1052 2677 1222 2748 rationes
1242 2675 1424 2770 protulit,
1470 2685 1633 2770 quarum
1650 2689 1781 2748 tamen
1798 2679 1946 2750 nullam
1963 2679 2176 2770 lubentius,

289 2825 293 2830 ·
385 2817 388 2824 ’
410 2825 525 2896 quern
552 2803 659 2872 illam
677 2801 998 2874 'emendationem
1018 2805 1216 2900 amplexus
1232 2805 1298 2892 est,
1351 2805 1545 2900 Quantum
1567 2803 1747 2896 equidem
1765 2805 1864 2895 vidi,
1888 2827 2029 2900 neque
2047 2831 2178 2883 emen·

409 2929 513 3000 datio
532 2929 597 2998 illa
621 2943 749 3021 neque
767 2927 845 2998 ulla
869 2931 1073 3022 utriusque
1093 2930 1318 3024 interpretis
1337 2931 1542 3024 explicatio
1561 2929 1710 3000 admitti
1728 2931 1872 3024 potest,
1911 2957 2031 3026 quum
2050 2933 2177 3006 omnis

407 3055 487 3126 loci
511 3055 715 3126 difficultas
743 3056 816 3126 bac
833 3055 994 3150 limplici
1009 3055 1335 3151 interpretatione
1352 3055 1600 3152 expediatur:
1634 3059 1734 3128 Na'rn·
1752 3059 1874 3130 illi-de
1890 3061 1983 3158 fuga
2003 3061 2177 3157 cogitan-

408 3183 488 3274 tes,
522 3205 646 3276 quum
672 3199 858 3252 numerus
894 3205 1052 3273 eorum,
1096 3207 1194 3276 quos
1219 3181 1417 3280 Agelilaus
1447 3181 1596 3252 conlilii
1619 3197 1798 3278 expertes
1822 3187 2055 3279 reliquerat,
2091 3185 2176 3258 aliis

409 3287 682 3380 accedentibus
709 3313 846 3378 auctus
877 3307 971 3378 ellat
999 3323 1038 3378 et
1055 3306 1217 3406 Agelilai
1236 3305 1505 3379 adhortatione
1525 3309 1680 3380 excitati
1699 3327 1818 3404 atque
1835 3335 1992 3405 eorum,
2029 3316 2096 3408 qui
2114 3339 2175 3386 ao-

408 3435 630 3524 callerent,
658 3435 778 3505 animi
803 3433 1040 3528 virtutisque
1060 3433 1325 3528 praestantia'
1314 3449 1371 3504 rta
1394 3434 1484 3504 lunt
1508 3433 1718 3552 commoti,
1753 3453 1798 3508 ut
1826 3461 1893 3512 eos
1919 3439 2174 3534 suiipsorum

408 3561 556 3636 confilii
580 3563 811 3656 poeniteret
863 3563 1000 3654 Itaque
1027 3561 1224 3673 uonluga
1243 3561 1405 3632 salutem
1423 3562 1647 3656 petierunt,
1687 3561 1751 3636 led
1768 3587 1838 3661 pro
1858 3566 1981 3659 putria
1999 3589 2177 3665 pugnan-

371 3773 376 3784 ι
402 3707 465 3764 tes
491 3663 767 3760 remanserunt.
821 3691 904 3760 Iam
922 3684 1162 3761 Tichuckius
1189 3702 1229 3756 et
1245 3688 1508 3806 Heulirrgerus
1532 3687 1635 3761 hanc
1659 3689 1874 3784 explicandi
1896 3693 1995 3764 viam
2017 3693 2176 3792 ingrelli

405 3817 513 3907 lunt,
546 3837 779 3908 quamquam
804 3813 893 3885 illos
921 3815 1107 3886 ablativos
1134 3831 1245 3888 aucto
1271 3837 1426 3889 numero
1442 3837 1581 3908 parurn
1602 3817 1744 3888 curulia
1762 3815 1965 3911 videntur,
2000 3822 2068 3916 qui
2085 3822 2174 3892 reti·

405 3943 588 4016 nerinon
605 3941 782 4035 poliunt,
822 3941 1124 4034 nifiponamus,
1158 3941 1235 4010 illis
1255 3941 1486 4032 iuvenibus,
1523 3941 1755 4036 quicollem
1776 3959 1882 4016 extra
1903 3947 2038 4018 urbem
2055 3969 2174 4022 occu·

403 4084 542 4167 parent
559 4083 602 4140 ut
617 4067 927 4165 transfugerent,
955 4067 1051 4139 alios
1071 4066 1232 4138 iuvenes
1251 4067 1357 4138 illius
1374 4065 1521 4140 consilii
1540 4085 1716 4164 expertes
1740 4069 1814 4140 elle
1834 4070 2052 4166 adiunctos,
2077 4099 2174 4170 quo·

404 4204 492 4271 rum
510 4219 695 4266 numerus
714 4217 856 4293 quum
856 4193 940 4266 aliis
966 4191 1027 4264 ini
1010 4195 1123 4290 super
1148 4193 1419 4266 accedentibus
1448 4185 1591 4266 auctus
1607 4195 1721 4288 ellat,
1758 4193 1816 4266 illi
1834 4219 1916 4319 non
1932 4199 2023 4272 sunt
2040 4201 2117 4274 auli
2134 4203 2173 4274 ie

282 4400 285 4410 ,
377 4347 664 4400 ,commovere

502 4451 635 4522 Alium·
650 4449 782 4524 locum
798 4447 952 4548 prorius
972 4443 1222 4540 depravatum
1241 4409 1415 4518 continet
1430 4443 1551 4516 Alcib.
1571 4445 1637 4516 vit.
1637 4440 1741 4537 ’1,9.
1709 4453 1919 4550 9Αιιειοι
1939 4475 2060 4545 quum
2077 4478 2171 4532 enu-

401 4592 526 4652 merat
541 4571 750 4648 Alcibiadis
764 4573 930 4646 virtutes
945 4589 984 4646 et
997 4573 1095 4644 uitia
1112 4573 1209 4644 haec
1225 4570 1390 4670 leriplit:
1414 4565 1571 4673 disertus
1583 4568 1666 4674 fuit
1681 4591 1723 4646 ut
1740 4577 1920 4673 inprimis
1939 4581 2090 4655 diemde
2109 4609 2173 4657 aa·

404 4707 512 4795 leret,
546 4703 644 4802 quod
667 4719 777 4776 tanto
796 4719 878 4778 erat
902 4703 1168 4778 cornmendatio
1194 4703 1267 4774 oris
1293 4717 1404 4796 utque
1424 4701 1618 4788 orationis,
1656 4715 1698 4774 ut
1718 4729 1822 4780 nemo
1839 4731 1870 4780 et
1863 4707 2034 4782 dicendo
2051 4685 2170 4816 peffet

395 4825 584 4951 offere,
609 4831 734 4915 diaeta.
756 4855 870 4930 quum
889 4847 1032 4932 tempus
1052 4803 1233 4931 posceret,
1259 4823 1483 4936 laboriosus,
1516 4831 1671 4926 patiens.
1723 4823 1799 4908 Pro
1818 4831 1955 4910 dives
1944 4857 1987 4908 ιιι
2001 4837 2170 4910 nonnul
2185 4871 2192 4882 ·
