4786 5708
1090 423 1146 450 ¹·
1221 403 1431 486 ite·-

302 555 313 568 ⁴
352 579 455 652 bati
483 593 615 670 erant,
649 589 717 666 ut,
750 573 812 646 bie
838 573 948 648 nuria
973 569 1266 649 Colonienlium
1291 573 1645 648 machinationibus
1671 569 1901 665 iniuriisque
1924 565 2083 660 additia,
2115 563 2143 642 d

343 731 345 736 ’
377 733 441 804 qur
432 709 562 779 forte
581 717 693 775 antea
711 699 995 791 haesitaverint,
1023 723 1139 795 nune,
1165 701 1324 774 foedera
1347 699 1696 772 lleucblinistarurn
1715 697 1832 788 facto,
1862 698 2003 769 mirum
2023 721 2141 792 quen·

246 905 251 912 ,
375 853 459 908 tum
479 857 520 904 m
534 829 815 910 Doniiuicanos
842 825 975 900 odiunt
993 827 1251 922 susciperent,
1288 841 1328 899 et
1352 828 1398 897 ab
1417 825 1489 896 hac
1510 823 1697 898 scelerum
1714 821 2011 920 facinorumque
2031 825 2140 896 turba

376 985 419 1032 ac
446 957 668 1030 colluvione
694 955 847 1084 prorius
870 951 1136 1026 abborrerent.
1189 953 1252 1026 Sic
1276 955 1453 1025 omnium
1473 949 1632 1023 oculisf
1622 973 1664 1020 ιιι
1667 935 1770 1021 istut
1798 951 2011 1066 conversis,
2037 951 2142 1044 quic·

378 1087 471 1181 quid
488 1083 627 1155 exinde
647 1081 734 1152 ab''
709 1103 756 1150 ns
746 1071 835 1150 vel
854 1093 1045 1152 tentatum
1063 1079 1154 1148 rel
1143 1057 1343 1202 inbapturn
1345 1075 1497 1166 '‘allet,
1487 1101 1527 1148 ιιι
1547 1099 1745 1149 commum
1732 1075 1844 1146 iere
1861 1077 2036 1146 omniurn
2052 1073 2152 1168 odio*

377 1229 460 1300 anet
488 1225 605 1304 atque
632 1221 844 1280 contenitur
898 1205 1048 1300 Quibus
1081 1207 1197 1276 rebua
1224 1191 1348 1304 magis
1374 1205 1528 1276 elucere
1556 1185 1730 1292 viditur,
1758 1201 1985 1323 quilactum
2007 1201 2073 1292 su,
2100 1219 2144 1273 ut

290 1403 294 1416 ,
376 1337 544 1432 Lutlreri
558 1335 710 1425 theles,
737 1353 831 1426 ques
850 1329 930 1424 ipse
949 1335 1288 1430 programmaturn'
1304 1353 1414 1404 more
1434 1328 1659 1424 disputandi
1678 1327 1801 1398 cunila
1818 1327 2142 1427 promulgaverat,

235 1439 261 1502 Ἰ
373 1465 529 1538 tantum
548 1459 769 1534 invenirent
784 1447 1030 1552 applausum,
1067 1457 1495 1552 quipp'equaeiarnob
1517 1475 1601 1524 eam
1623 1453 1809 1544 caullant,
1837 1453 2050 1548 quodcum
2067 1453 2146 1528 Do·

297 1663 301 1670 ,
377 1589 581 1664 minicanis
597 1609 658 1658 res
677 1587 876 1684 agebatur,
899 1581 1276 1688 malorecupiditete
1295 1581 1579 1675 exciperentur,
1603 1595 1645 1650 et
1661 1601 1731 1674 per
1748 1595 1869 1655 totam
1887 1579 2166 1670 Germaniam,.

377 1719 605 1812 inopinante
632 1713 829 1800 Lutbero,
865 1709 1215 1780 Reuchliniitarum
1241 1731 1316 1804 ope
1341 1708 1456 1780 letius
1486 1675 1805 1782 diffunderentur.
1865 1677 2146 1778 Reuchliniltar
2200 1753 2212 1762 -

177 1885 188 1902 ι
239 1914 244 1928 ,
330 1836 336 1847 ’
380 1843 537 1938 quidem
562 1841 645 1910 fere
670 1859 805 1910 omnes
830 1835 876 1905 ab
905 1833 1061 1904 eoinde
1084 1849 1283 1927 tempore,
1319 1857 1365 1904 ex
1382 1836 1461 1928 quo‘
1481 1833 1630 1902 Te'zelii
1655 1831 1875 1906 certaminis
1894 1833 2026 1923 initia,
2054 1833 2148 1906 olio·

379 1995 465 2044 rum
483 1989 640 2062 quoque
661 1963 1008 2034 Dominicanortnn
1027 1958 1313 2031 vehementiori
1330 1960 1480 2054 impetu
1500 1958 1745 2048 continuata,
1784 1959 1925 2030 libellis
1946 1961 2094 2042 Romae
2109 1976 2151 2032 aa

235 2093 238 2101 ’
380 2101 420 2168 iri
437 2094 648 2168 Germania
665 2103 798 2158 contra
816 2085 1033 2156 Lutharum
1060 2085 1172 2156 editis
1202 2085 1538 2178 concionibusque
1555 2085 1601 2154 ab
1625 2083 1702 2155 rllre
1722 2085 1888 2176 habuis
1912 2107 1952 2158 ιιι
1972 2086 2150 2167 dream·
2378 2169 2379 2190 χ

379 2226 464 2296 iore
490 2229 676 2322 ceperunt
700 2211 961 2302 incrementa,
995 2209 1183 2304 optimos
1197 2209 1549 2303 doctillimosqua
1537 2233 1580 2280 ιιι
1596 2211 1760 2284 Lutborr
1779 2235 1861 2286 rem
1879 2228 1919 2283 et
1943 2211 2150 2304 incliuall'e',
2235 2300 2258 2320 Ι
2378 2205 2379 2214 '

379 2367 419 2420 et
440 2369 523 2420 eam
541 2342 694 2416 fortiter¹
715 2331 945 2429 strenueque
971 2335 1093 2408 tuitoa
1111 2337 1206 2427 elle,
1234 2353 1339 2411 carte
1367 2337 1501 2434 negari
1527 2359 1607 2408 non
1620 2337 1756 2432 potest.
1809 2341 1918 2432 Quae
1947 2361 2031 2430 ree,
2060 2331 2174 2412 curn

380 2469 631 2548 Colonieuiea
650 2461 851 2560 theologi,
878 2461 1229 2534 Reuchlinilterum
1258 2461 1481 2552 adversarii,
1521 2485 1602 2534 non
1627 2463 1752 2536 multo
1774 2463 1913 2558 poitur
1932 2465 2151 2538 Lutbarum

382 2621 539 2694 quoque
562 2615 666 2666 arma
683 2589 926 2678 conferrent,
968 2611 1018 2660 eo
1047 2589 1168 2686 magia
1183 2587 1449 2685 intelligitur,
1477 2589 1698 2684 praesertim
1721 2613 1808 2690 curn
1828 2577 2004 2684 inpriurie
2022 2593 2153 2664 lincbss

273 2703 279 2714 ”
382 2732 516 2797 stratus
536 2723 621 2816 tpla
635 2715 861 2812 pontificem
880 2736 1106 2806 romanum,
1144 2732 1188 2786 ut
1213 2717 1317 2787 ferro
1342 2731 1458 2808 atque
1482 2719 1573 2812 igne
1599 2715 1787 2787 mundum
1814 2717 1861 2788 ab
1886 2717 1963 2788 hoc
1991 2717 2150 2816 paffimo

254 2893 256 2898 -
382 2852 544 2926 homine
563 2834 739 2918 Lutbero
761 2841 965 2920 liberarat.
990 2839 1243 2948 vehementer
1265 2841 1592 2916 exhortaretur.
1575 2829 1778 2932 Accedit,
1806 2819 1911 2957 quod
1930 2832 2156 2918 Dominica·

313 3063 318 3073 ¹
383 2979 589 3052 niRomee
604 2989 780 3068 quoque,
806 2967 874 3040 illa
893 2965 1289 3048 Eutharicumlociu
1308 2991 1444 3041 eorum
1463 2967 1625 3041 Tezelio
1644 2947 1930 3042 controversia
1915 2991 1959 3078 ιιι
1977 2975 2153 3045 omniurn
2267 3057 2277 3068 ,

383 3105 569 3178 invidiam
601 3098 809 3194 perducta,
843 3082 1021 3191 sylvestri
1051 3095 1247 3170 Priariatia
1282 3095 1519 3192 potissimum
1544 3095 1663 3170 hostie
1688 3096 1854 3168 maxime
1882 3067 1991 3174 invili
2017 3097 2153 3192 ductu,

171 3245 177 3260 ’
271 3257 273 3264 ’
383 3237 575 3304 luminum
594 3223 822 3322 pontificem
839 3247 886 3294 eo
907 3222 1136 3320 adigebant,
1164 3239 1209 3294 ut
1225 3201 1444 3296 Lutberurn
1467 3221 1517 3292 od
1549 3223 1773 3313 ramluanr,
1798 3201 1999 3316 quantum
2016 3225 2155 3298 lacilli·

309 3378 313 3388 ’
383 3359 507 3434 inein
524 3348 877 3428 Germaniadirimi
901 3363 1075 3444 poteret,
1116 3347 1398 3421 defendendam
1406 3345 1724 3420 ‘Romamrocari
1745 3349 1910 3421 iuberet.-
1964 3351 2158 3452 Quieigi-

303 3505 308 3513 ·
383 3503 448 3556 tur
474 3483 549 3570 est,
584 3477 679 3572 quin
704 3476 918 3574 intelligat,
958 3469 1240 3549 llauchliniitaa
1266 3449 1732 3548 noraDominiconurum
1761 3477 2185 3555 insolentiaitneour·¹
2252 3514 2260 3526 ·

214 3645 218 3656 ⁴
293 3603 296 3609 ¹
344 3587 512 3684 ‘motos
533 3605 665 3696 eila,
657 3618 702 3674 ut
725 3617 857 3675 contra
878 3601 1056 3691 eoadem,
1092 3623 1260 3696 quorum
1280 3603 1356 3673 vim
1378 3603 1709 3674 etauctoritatem
1730 3603 1946 3674 antealatir
1967 3601 2158 3679 diminue-

385 3753 492 3825 rent,
521 3731 754 3826 adversariae
781 3729 911 3800 denuo
930 3724 1121 3798 hobiliter
1144 3745 1307 3828 agerent
1331 3743 1371 3800 at
1396 3731 1443 3800 ab
1466 3729 1651 3826 aequiore
1673 3728 1814 3800 deinde
1831 3718 2190 3833 Lutheriltnrent,¹

385 3861 522 3958 parte?
552 3845 660 3953 Quae
692 3879 778 3926 cum
809 3853 1177 3946 umniaLutherua,
1210 3854 1325 3928 initio
1357 3855 1404 3926 de
1426 3871 1534 3928 tantu
1564 3853 1747 3951 applausu
1774 3855 1957 3947 miratus,
1994 3857 2159 3932 lubinde
2245 3869 2276 3934 “,

239 4081 244 4092 Ι
385 3989 647 4085 intelligeret,
676 4005 768 4052 nou
777 3979 998 4068 dubitabat,
1025 3979 1122 4072 quin
1138 4003 1239 4074 opua
1266 3983 1489 4078 inceptum,
1525 4005 1589 4053 cur
1576 3981 1838 4064 huiusmodi
1851 3981 2158 4078 auxiliaoptirna

386 4113 680 4200 succurrebant,
707 4109 812 4176 bene
838 4127 882 4174 ac
907 4125 1094 4200 prospere
1120 4105 1362 4200 procederet
1426 4111 1506 4180 Nec
1530 4107 1690 4206 paulum
1718 4107 1845 4178 uelcio
1871 4111 2158 4206 quantumipei

82 4335 88 4368 Ι
126 4279 129 4286 ·
215 4195 249 4334 ⁸·
289 4277 294 4286 ·
388 4267 435 4315 ex
460 4263 508 4312 eo
533 4235 661 4308 haufit
686 4232 906 4322 Lutherue,
947 4229 1054 4324 quod
1086 4231 1329 4306 Franciicum
1356 4233 1404 4305 de
1427 4234 1635 4334 siclingen
1658 4233 1905 4306 lortiilimum
1924 4236 2163 4312 Germaniae

387 4367 561 4464 equitem
582 4359 772 4448 eundem,
807 4357 874 4452 qui
893 4379 916 4428 a
937 4321 1232 4431 coloniensibus
1250 4359 1558 4434 Reuchlinianae
1576 4361 1656 4432 litia
1673 4337 1953 4456 exiturnlquam
1970 4363 2168 4438 acerrime·

386 4491 668 4590 pullulaverat,
695 4481 999 4574 Reucbliniltam
1018 4504 1096 4556 una
1120 4507 1210 4556 cum
1229 4485 1493 4559 Huttano'llbi
1519 4483 1785 4558 auricillimum
1803 4509 1847 4558 ac
1862 4504 2071 4584 patronum
2088 4490 2162 4562 lra-

385 4602 544 4698 bebat-⁴.
576 4609 742 4688 Lutberi
773 4609 880 4682 enim
904 4625 1100 4684 certamen
1124 4609 1263 4684 eodem
1288 4629 1489 4710 tempora,
1528 4613 1596 4686 ubi
1616 4635 1737 4707 equae
1763 4613 1830 4688 ille
1847 4615 2023 4688 strennua
2043 4617 2162 4690 Colo-

386 4743 540 4820 nimbo
559 4737 769 4814 llencblini
801 4735 926 4812 caulla
950 4735 1180 4850 inurentem
1207 4757 1507 4836 provocaverat,
1542 4717 1704 4814 dubium
1730 4739 2016 4836 quodammodo
2041 4757 2161 4840 atque
