4788 5702
890 357 972 410 ¹¹1

457 467 512 510 ,Ν

885 509 916 593 .’
945 511 1009 564 -‘·
1076 527 1152 598 ιιι
1218 509 1283 588 ἶ·-
1376 625 1379 630 ¹

230 717 303 770 nus
327 685 534 768 ostendunt
561 705 599 766 et
623 693 744 790 homo
765 689 853 790 ipse.
907 691 1075 794 Quolit,
1114 711 1158 768 ut
1183 693 1310 770 timidi
1335 689 1538 790 saepissime
1556 689 1663 766 dorso
1684 692 1882 766 incurvato
1899 687 1998 764 ince-
2052 703 2055 712 ·
2101 653 2104 675 ’
2141 697 2144 705 “
2181 675 2188 686 ’

230 821 342 912 dant,
378 841 422 894 ut
452 825 550 896 mala
577 820 805 895 conscientia
825 839 939 916 caput
952 823 1178 920 inclinatum
1196 840 1233 895 et
1251 824 1386 896 oculos
1406 820 1527 896 statim
1547 821 1796 896 conniventes
1815 837 1852 890 et
1869 816 2023 918 demit,
2048 849 2053 866 ·
2163 847 2166 854 ’

228 943 591 1044 suspectarentur..
624 947 893 1022 Extremitates
922 945 950 1020 st
973 949 1138 1045 spectas,
1177 951 1219 1023 in
1245 923 1422 1046 omuibus
1438 946 1904 1046 plerumqueanimalibus
1925 945 2000 1018 Ad·

166 1175 168 1182 Ι
200 1078 203 1087 “
230 1077 409 1150 ductores
439 1095 477 1150 et
506 1079 684 1150 Flexores
711 1093 831 1176 agunt
855 1101 1001 1150 omnes.
1028 1071 1233 1152 JCarabus‘
1251 1103 1366 1176 aequa
1396 1073 1845 1156 ach'omo‘‚extremitates'
1862 1097 1995 1158 omnes
2020 1054 2068 1173 ᾗ,

186 1297 189 1304 ¹
229 1205 270 1276 in
291 1203 470 1279 omnibus
488 1204 656 1280 articulis
672 1193 790 1307 flectit
810 1223 847 1276 et
865 1205 1073 1278 antrotsum
1090 1207 1298 1304 contrahit,
1333 1203 1642 1293 femora-ventri,
1675 1204 1825 1276 brachia
1851 1199 2020 1298 pectori·

229 1333 482 1409 admoventur
505 1333 575 1418 ita,
620 1349 664 1402 ut
683 1333 921 1430 organismus
947 1331 1048 1430 quast
1077 1319 1256 1407 foetalem
1283 1331 1510 1430 posttionetit
1535 1349 1660 1428 petere
1685 1315 1866 1406 rideatur.
1921 1327 1998 1427 Qui

141 1531 151 1538 .
195 1453 421 1566 'autem'in
448 1477 584 1536 trunco
604 1457 831 1554 conspicitur
855 1475 1006 1548 motus,
1042 1479 1154 1556 caput
1176 1462 1279 1568 idem
1306 1460 1520 1562 occupabit.
1575 1465 1715 1532 Omnes
1741 1459 1858 1557 igitur
1884 1453 1996 1528 faciei

228 1589 406 1660 Flexores
435 1575 708 1676 consentient,
732 1583 1113 1686 stonsCortugatote
1137 1585 1203 1660 suo
1234 1573 1473 1664 cdntrahitur
1499 1585 1561 1660 seu
1584 1585 1766 1674 flectitur,
1805 1583 1995 1682 sphincter
2082 1666 2083 1674 ¹
2129 1650 2134 1664 ,

137 1781 143 1790 .
189 1721 194 1742 ’
229 1715 333 1787 oculi
359 1713 539 1808 diminuit
560 1711 722 1786 fissuram
738 1713 1076 1808 palpebrarum),
1112 1713 1999 1812 nasiCompressornasumdeprimit,1eiusque

226 1860 419 1936 aperturas
447 1841 657 1929 contrahit,
694 1841 734 1911 e't
760 1857 875 1935 caput
901 1859 1024 1914 totum
1055 1841 1264 1917 detrahitur
1288 1844 1389 1915 inter
1409 1821 1588 1916 humeros
1611 1841 1710 1919 etad
1728 1857 1879 1936 pectus,
1919 1839 1944 1912 i.
1962 1861 1995 1910 e.

228 1963 348 2040 costae
376 1968 658 2040 extremitatum
687 1967 819 2063 capitis
842 1965 1144 2042 Intercostasibus
1169 1969 1243 2044 suis
1278 1969 1665 2066 (l’latysmamyoideo
1688 1969 1776 2066 etc.)
1803 1965 2041 2040 attrahun-

226 2111 289 2166 tur
308 2091 418 2166 costis
437 2093 711 2190 pectoralibus,
739 2093 841 2194 quasi
857 2095 1038 2193 exspirare
1057 2097 1188 2172 velint.
1242 2100 1397 2170 Thorax
1415 2115 1539 2170 autem
1558 2083 1737 2170 consensu
1755 2094 1887 2168 eodem
1906 2115 1998 2166 con
2092 2075 2095 2084 ’

226 2193 382 2316 spirans
387 2223 659 2336 comprimitur,
688 2241 725 2295 et
741 2225 782 2295 in
800 2219 1060 2313 testudinibus,
1090 2245 1176 2304 cunt
1198 2244 1309 2322 caput
1329 2225 1460 2298 timide
1480 2225 1686 2332 retrahunt,
1714 2246 1850 2322 magna
1868 2224 1993 2307 etiam,
2042 2194 2050 2224 ’

166 2425 171 2439 Χ
228 2345 440 2446 compressis
462 2331 753 2460 consensualiter
776 2351 1046 2446 pulmonibus,
1083 2352 1280 2446 exspiratio
1308 2347 1466 2428 ediffltur
1494 2350 1654 2427 Fortasse
1681 2377 1730 2426 ex
1750 2329 1889 2424 eodem
1902 2371 1995 2422 con·
2086 2359 2141 2448 Ιιι
2233 2379 2236 2396 ·

155 2505 160 2518 ·
225 2477 330 2550 sensu
357 2496 531 2566 naturae,
566 2485 681 2574 quem
709 2479 807 2550 inter
832 2479 1069 2574 Sphinoteres
1095 2497 1132 2550 et
1155 2481 1333 2554 Flexores
1355 2467 1584 2552 versatilem
1603 2479 1769 2606 pluries¹
1767 2497 2018 2558 commento·
2048 2519 2055 2528 -
2139 2459 2148 2482 ³

226 2606 326 2696 ravi,
354 2607 501 2695 evenit,
529 2607 635 2679 utin
662 2605 744 2682 aliis
768 2607 880 2678 etiam
902 2601 1048 2694 locis,'
1061 2605 1260 2702 praecipue
1286 2626 1412 2690 antem
1437 2608 1478 2678 in
1502 2608 1619 2678 latere
1637 2581 1797 2706 egestivo
1823 2603 1994 2699 corporis

226 2735 460 2810 excretioncs
503 2751 720 2836 augeantur.
792 2739 848 2806 Ita
885 2731 927 2804 in
965 2728 1145 2808 Testaceis
1183 2759 1278 2832 aqua
1325 2733 1517 2829 inspirata
1534 2757 1597 2806 ex
1617 2735 1776 2806 trocheis
1820 2749 1858 2804 et
1889 2731 1993 2806 saeco

176 2873 188 2901 ·“
225 2855 434 2936 branchiali
462 2861 628 2950 eiieitur,
662 2862 715 2932 ita
732 2883 846 2969 porro
865 2883 997 2947 ranae,
1034 2857 1217 2949 bufones,
1254 2851 1457 2936 testudines
1479 2860 1667 2958 exspirant
1695 2857 1851 2934 vesicam
1871 2859 1994 2932 urina·

175 3074 178 3078 ,
223 2991 318 3066 ιὶιιιι
339 3007 587 3076 evacuantes,
613 2987 954 3076 nonnullicarabi,
990 2986 1160 3082 Aplysia,
1197 2991 1302 3085 Sepi'a
1328 3007 1397 3064 etc.
1422 2987 1573 3064 succum
1601 2989 1838 3090 quendam
1808 3012 1929 3060 acrem
1946 3011 1994 3060 ex

210 3131 299 3191 'ano
318 3119 518 3230 expellunt
537 3134 574 3188 et
590 3141 629 3188 tn
631 3105 811 3188 homme
822 3115 901 3210 ipso
929 3113 982 3187 lat
1009 3111 1170 3206 constat,
1204 3119 1341 3190 mirum
1366 3138 1550 3214 quantum
1575 3118 1727 3207 urinae,
1749 3082 1993 3212 saeclumque
2092 3101 2095 3106 Α
2135 3090 2140 3100 ¹

225 3247 396 3319 excretio
407 3262 603 3344 augeatur,
631 3239 701 3318 nid
718 3241 819 3316 sorte
835 3245 926 3316 haec
942 3245 1070 3318 omnia
1087 3235 1187 3342 qulfi
1207 3243 1339 3318 criseos
1355 3247 1467 3323 huius
1490 3239 1642 3320 allectus
1658 3243 1759 3346 ligna
1779 3234 1915 3318 habere
1931 3267 1994 3316 ve·

222 3375 286 3447 lis
337 3375 441 3445 Clare
459 3371 587 3476 saltem
607 3396 654 3442 ex
671 3371 730 3444 his
747 3371 926 3445 omnibus
942 3371 1079 3462 vides,
1117 3391 1256 3468 quanta
1283 3371 1368 3445 sit
1355 3395 1397 3446 ιιι
1417 3398 1573 3470 corpore
1595 3375 1768 3446 omnium
1786 3372 1992 3447 Flexorum

224 3499 470 3596 conspiratio,
497 3501 549 3570 ita
570 3515 612 3570 ut
634 3515 779 3570 metum
800 3499 881 3570 iure
901 3516 1052 3573 motum
1074 3499 1191 3570 animi
1216 3499 1415 3574 slexorsum
1440 3502 1637 3572 nominare
1659 3479 1791 3589 liceat
1820 3501 1939 3600 qui,
1934 3483 2018 3569 u'tt·

158 3631 161 3644 '
222 3629 262 3698 in
283 3629 364 3700 aliis
390 3649 542 3726 quoque
567 3624 768 3721 praecipue
793 3623 1093 3721 deprimentibus
1123 3626 1237 3698 animi
1261 3591 1455 3741 affectibus
1476 3625 1556 3700 sien
1574 3626 1691 3716 solet
1718 3625 1764 3700 ad
1787 3625 1992 3699 dissolutio·
2068 3620 2074 3632 ⁴

221 3779 310 3830 nent
334 3755 579 3854 paralyticam
598 3759 718 3826 totius
739 3771 777 3826 et
794 3749 997 3853 systematis
1023 3753 1250 3828 muscularis
1281 3773 1318 3827 et
1343 3756 1483 3872 mentia
1503 3773 1542 3826 et
1567 3755 1777 3830 voluntatis
1804 3733 2011 3876 transiens

221 3881 479 3982 organicorum
473 3881 661 3959 fractum
680 3899 716 3954 et
733 3881 938 4008 qttaslatum
955 3878 1134 3995 mundo'
1122 3905 1349 3980 artumpentt
1338 3881 1562 4008 submittit.
1631 3891 1633 3898 ’
2051 3855 2056 3865 ’

1030 3981 1079 4101 ι’
1121 4033 1180 4102 ιι
1635 4093 1638 4100 .

322 4140 463 4241 Contra
481 4133 506 4208 li
522 4133 729 4231 sperantem
750 4137 946 4209 hominem
964 4139 1299 4234 contemplamini,
1327 4163 1472 4211 numne
1492 4137 1591 4210 idem
1610 4155 1738 4214 motus
1759 4127 1993 4214 slexorii'obss

101 4273 105 4280 '
219 4263 320 4337 viam
353 4265 475 4341 oculis
501 4259 690 4339 veniunt?
725 4255 804 4336 imo
832 4267 1128 4348 contrarium‘et
1153 4266 1369 4364 opposttum
1394 4265 1575 4340 movendi
1601 4266 1758 4350 modum
1783 4247 1988 4366 reperietis,

159 4391 165 4400 '
219 4405 343 4490 n'eque
359 4393 573 4468 mirandum
593 4386 670 4480 est:
692 4413 779 4464 oum
802 4391 1022 4496 homologiti
1047 4395 1147 4470 inter
1170 4395 1205 4468 se
1226 4389 1405 4495 coniungi
1422 4393 1605 4468 debeant.
1659 4400 1773 4492 Spem
1794 4394 1990 4500 expansio·

514 4541 517 4553 .
632 4511 650 4546 x
1683 4509 1687 4524 ·
2034 4504 2041 4512 '

513 4607 516 4616 a
637 4601 643 4616 t

221 4613 566 4674 xm
615 4636 626 4660 b

185 4793 234 4864 ἵ,
298 4807 337 4887 5)
365 4793 592 4870 Adamantius
617 4799 898 4886 Ριιιιιοςιιοιιιοιι.
926 4795 1000 4872 Lat>
1023 4807 1048 4869 Ι.
1080 4810 1133 4888 (ex
1157 4809 1209 4872 ed
1226 4805 1360 4874 Frauzii
1372 4829 1416 4894 p.
1432 4809 1542 4892 564.)
1542 4805 1746 4898 Οφθιαλμοι
1767 4751 1988 4906 σιιιιιιιμυι-

218 4933 350 4992 ratres,
371 4905 708 5002 δειλιαικατιιγοροι.
2079 4918 2084 4926 ’

298 5223 323 5258 γ
