4824 5700
1367 187 1378 230 Ι

933 427 990 522 ’,
1071 469 1126 497 ι-
1202 421 1276 528 ιἰεΙ
1354 437 1448 498 -··'

416 589 646 719 ”Ma'gnar'n'
668 599 762 692 olim
789 617 1005 710 Ernestius,
1051 645 1174 714 quum
1200 619 1388 696 Suetonio
1414 575 1855 718 praefabritur,.aetaiie
1879 627 1968 697 suae
1994 627 2123 698 labem
2202 671 2211 680 ·

355 723 684 824 inesse⁵iudicavit
706 748 748 818 in
770 743 871 818 mala
896 746 1175 819 consuetudine
1204 744 1379 820 adversus
1399 747 1514 818 sidem
1533 751 1669 821 eorusn
1688 749 1931 846 disputandi,
1972 743 2039 846 qui
2058 777 2131 846 per

354 891 413 948 tot
429 875 578 947 saecula
605 873 689 944 eius
715 871 869 944 laudem
888 871 1062 972 legitime
1082 875 1308 968 possessione
1328 873 1548 974 tenuissent
1600 877 1815 948 Verebatur
1832 870 1937 956 'enim
1955 879 2013 948 vir
2028 877 2128 948 sum·

352 979 438 1078 inus
449 1051 461 1094 ,
486 1025 536 1072 ne
555 1001 661 1072 labes
679 985 765 1090 ista,
804 998 967 1070 [ilarius
991 1001 1181 1094 serperet,
1204 981 1469 1094 'vehementer
1485 1003 1730 1096 perturbaret
1745 1001 1923 1073 homines
1941 1003 2132 1098 mediocpi
2158 1023 2180 1038 ·’
2195 1078 2212 1100 4

178 1107 215 1213 “,
270 1217 277 1234 ’
327 1113 510 1228 ¹ingenio
542 1145 582 1198 er
608 1125 803 1214 doctrine,
849 1125 1084 1218 tandemque
1111 1127 1262 1196 fortasse
1290 1127 1336 1198 ecl
1364 1127 1463 1219 ipsos
1490 1123 1641 1197 divinoe
1666 1127 1871 1222 scriptores
1897 1127 2130 1222 perveniret.

354 1257 430 1352 Qui
447 1271 574 1328 metus
596 1251 775 1348 quamafit
795 1250 979 1350 indignus
1002 1252 1156 1342 critico,
1193 1253 1260 1344 qui
1278 1251 1394 1322 fidem
1412 1251 1630 1345 historicam
1649 1253 1819 1324 cuiusvis
1839 1255 2033 1349 scriptorio
2051 1277 2131 1324 non

299 1367 308 1378 ’
348 1381 418 1456 nisi
446 1379 656 1454 dubitando
674 1395 729 1448 ‘oc
746 1358 1009 1472 perquirendo
1027 1367 1193 1470 perspici
1215 1377 1319 1470 posse
1342 1399 1385 1448 ac
1411 1375 1659 1448 demonstrari
1668 1371 1692 1470 ,¹
1716 1381 1910 1474 praeclaro
1934 1381 2015 1475 ipse
2041 1383 2159 1452 scri-·

350 1511 485 1606 ptione
503 1504 658 1598 docuit,
686 1504 772 1600 quis
794 1503 865 1594 e'st,
888 1497 984 1597 quin
999 1501 1224 1602 intelliget?
1257 1497 1516 1598 Quamobrem
1534 1502 1575 1574 in
1589 1485 1808 1602 praecipuis
1825 1505 2131 1584 nostraeactatie

228 1645 234 1656 '
351 1631 1026 1719 bonisilludmeritonumetnmus,
1064 1630 1189 1722 quod,
1230 1653 1295 1720 qur
1286 1627 1455 1700 rudrcro
1477 1630 1624 1722 valent,
1659 1633 1807 1724 nussam
1828 1643 2023 1726 umquam
2033 1658 2131 1722 rem,

304 1787 453 1858 quae
473 1759 661 1855 quidem
652 1781 694 1828 ru
711 1757 1032 1850 disceptationem
1053 1755 1183 1844 cador,
1210 1755 1441 1846 nullumque
1461 1769 1528 1824 aut
1546 1757 1695 1828 sacrum
1721 1773 1788 1828 eut
1811 1757 2015 1856 profanum
2042 1762 2135 1832 scri-

354 1896 520 1984 prorem
521 1873 808 1982 ‘seiungendum
828 1881 1080 1954 existimante
1101 1870 1421 1952 consideratione
1426 1901 1470 1950 ac
1492 1871 1755 1986 disputatione
1774 1884 1856 1954 veri
1872 1899 1911 1956 et
1926 1885 2022 1975 salo,
2046 1857 2132 1955 imi-
2164 1957 2172 1968 ,

259 2005 266 2042 ²
354 2027 567 2106 tanturque
590 2009 703 2080 hoc
692 2031 733 2078 ιιι
764 1989 1248 2105 genereAcademicorum
1270 2009 1445 2076 veterum
1478 2007 1688 2099 rationem,
1727 2009 2135 2102 quiebiisetiamre-

223 2215 228 2222 ,
327 2125 453 2232 Ἕω,
491 2159 589 2232 quoe
609 2135 724 2232 vulgo
749 2133 861 2204 certi
845 2131 975 2203 simae
991 2133 1249 2228 putabantur,
1276 2131 1380 2202 suam
1399 2131 1647 2204 assensionem
1666 2135 1911 2210 cohibebant,
1964 2136 2038 2208 Sed
2058 2138 2132 2208 alra
2179 2141 2185 2148 “

276 2313 283 2330 ι
360 2267 412 2338 est
437 2285 559 2356 eaque
585 2259 693 2335 haud
715 2260 793 2332 scro
821 2282 870 2328 an
897 2259 1071 2357 gravior,
1115 2283 1229 2352 quam
1256 2257 1301 2330 de
1323 2283 1396 2353 que
1418 2257 1613 2330 Ernestrus
1636 2263 1952 2356 conquerendum
1967 2260 2133 2358 putavit,

350 2389 494 2478 aetatis
522 2359 685 2460 nostrae
680 2387 816 2481 sabec,
858 2393 939 2479 q'up
959 2387 1033 2456 iam
1062 2385 1237 2456 soporare
1265 2383 1460 2480 incipiunt
1486 2364 1640 2456 litterae
1664 2385 1941 2470 consuetudine
1962 2389 2134 2478 illorum,
2151 2361 2173 2411 '¹

361 2521 449 2616 qui,
485 2537 648 2610 quarum
665 2537 795 2586 rerum
815 2511 955 2584 falsitas
978 2485 1264 2584 euidentissimis
1286 2511 1337 2580 est
1356 2511 1590 2608 argumentis
1619 2507 1897 2606 demonstrata,
1930 2529 1971 2585 et
1990 2515 2186 2623 quibus

359 2631 607 2752 scriptoribus
632 2660 715 2712 non
739 2639 846 2738 vulgi
871 2639 1080 2734 opinione,
1123 2637 1188 2709 sed
1216 2635 1405 2736 pervest',²
1367 2639 1541 2714 tratione
1570 2637 1911 2714 eruditissimorum
1926 2641 2166 2714 homiuum

360 2767 637 2860 communique
664 2767 849 2839 consensu
858 2765 1060 2864 derogata
1089 2766 1141 2836 est
1162 2765 1313 2864 fides,
1322 2789 1384 2835 ees
1411 2781 1541 2835 tamen
1562 2789 1647 2856 ree,
1690 2781 1733 2835 ut
1750 2767 2135 2840 commentasuasul-

363 2901 465 2972 ciant
491 2909 607 2992 utque
633 2907 842 2988 exornent,
880 2895 1009 2984 rursus
1029 2907 1099 2985 pro
1117 2893 1224 2962 verie
1238 2891 1382 2964 eudent
1397 2891 1617 2982 venditare,
1652 2889 1780 2985 iisque
1796 2891 2043 2987 scriptoribus
2063 2917 2134 2966 no-

362 3048 449 3097 vam
466 3019 661 3118 postulant
677 3015 794 3086 sidem
815 3018 1141 3090 etauctoritatem
1160 3017 1331 3116 adiungi.
1386 3019 1535 3088 Damus
1553 3041 1624 3092 nos
1641 3017 1797 3113 quidem
1817 3034 1856 3090 et
1873 3019 2136 3110 concedimus,

359 3147 516 3222 veritati
530 3141 791 3238 inquirendae
816 3119 1026 3238 terminum
1056 3131 1128 3214 esse
1159 3145 1425 3238 praestitutum
1454 3145 1626 3214 nulium:
1666 3167 1808 3243 magna
1835 3145 1949 3218 etiam
1974 3128 2137 3216 admira·

335 3265 338 3269 ’
362 3279 470 3350 tione
488 3269 757 3369 prosequimur
775 3292 841 3376 eos
852 3321 864 3362 ,
905 3269 933 3338 si
952 3269 1018 3363 qui
1036 3271 1142 3354 tritas
1159 3271 1242 3339 rios
1262 3270 1501 3364 relinquunt,
1528 3293 1646 3341 novoe
1668 3286 1706 3340 et
1723 3269 1919 3342 inusitatas
1937 3271 2132 3370 indagent.
2180 3255 2184 3276 ¹

364 3403 439 3478 Sed
461 3371 530 3472 has
557 3413 764 3491 autequam
790 3397 939 3466 calcent
968 3397 1131 3490 aliisque
1155 3411 1360 3490 praeeant,
1407 3419 1501 3466 nece
1506 3396 1556 3467 sse
1582 3397 1634 3468 est
1658 3395 1893 3493 prospiciant
1916 3395 2137 3496 diligenter,
2216 3468 2231 3490 ‚

350 3547 406 3604 et
433 3551 548 3622 quam
572 3523 646 3598 fine
666 3527 782 3594 t'utae
811 3537 1017 3616 certaeque
1048 3509 1271 3636 explorem,
1311 3547 1361 3596 ne
1392 3547 1506 3596 caeco
1532 3521 1684 3596 tremite
1709 3523 1958 3618 praecipites
1955 3525 2011 3594 od
2029 3523 2140 3596 devia

362 3655 548 3730 ferantur.
610 3655 759 3744 Atque·
751 3647 915 3720 etiamst
946 3673 1017 3720 neo
1047 3647 1117 3743 ipsi
1147 3651 1394 3752 extimescant
1419 3649 1657 3754 periculum,
1704 3651 1768 3722 cui
1793 3649 1942 3748 ingenii
1970 3649 2186 3744 quodam

365 3771 1042 3870 caloreabreptisesecommisturit,
1072 3799 1212 3870 neque
1230 3773 1442 3846 cavendum
1460 3791 1602 3868 putent
1621 3774 1860 3846 doctioribus
1872 3825 1884 3867 ,
1919 3777 2010 3870 qui,
2045 3777 2138 3874 quid

365 3910 413 3981 sit
438 3927 593 4016 verum,
633 3897 727 3994 quid
751 3897 908 3990 salsum,
946 3921 1151 3994 anquirere
1162 3899 1236 3994 rpfi
1256 3899 1414 3993 possint
1457 3899 1782 3985 debebattarncn
1792 3925 1859 3976 eos
1883 3903 2054 3974 misereri
2079 3919 2152 3978 tot

365 4037 561 4122 tironum,
595 4027 689 4123 qui,
721 4047 843 4142 quum
871 4021 944 4096 sint
973 4042 1013 4096 et
1037 4027 1168 4130 cupidi
1196 4027 1232 4098 di
1236 4023 1384 4114 scendi,
1419 4036 1548 4120 neque
1576 4027 1721 4100 iudicio
1750 4003 2023 4120 satiefirrui,
2012 4029 2143 4101 tntali

365 4185 497 4236 rerum
522 4153 766 4244 discrimine,
799 4176 879 4248 quo
896 4153 935 4225 se
953 4167 1180 4226 convertant
1198 4153 1376 4244 tandem,
1404 4151 1497 4247 quid
1515 4155 1816 4250 amplectantur,
1841 4155 1936 4248 quid
1953 4155 2141 4236 reiiciaot,

365 4285 484 4386 plane
508 4279 588 4356 non
616 4245 833 4404 reperiunt.
886 4259 1077 4376 Quocirca
1100 4280 1283 4352 nonsatis
1313 4281 1385 4374 est,
1424 4281 1534 4352 notis
1555 4281 1802 4376 opinionibus
1820 4282 2143 4358 subiicerecuer·

367 4404 574 4512 gementu,
608 4397 707 4501 quae
733 4407 886 4478 idoneis
912 4405 1105 4478 iudicibus
1132 4407 1385 4501 explosorem
1414 4396 1563 4504 pridem
1586 4423 1626 4478 et
1643 4407 1841 4480 confutata
1858 4385 2040 4496 suerunt,
2066 4433 2141 4518 nec

366 4539 508 4610 sufficit
525 4531 824 4622 controversias,
855 4545 1008 4630 patrum
1028 4535 1215 4606 memoria
1233 4533 1483 4634 compositas,
1511 4531 1594 4631 fic
1577 4557 1787 4628 renovare,
1812 4551 1858 4606 ut
1874 4559 1957 4608 non
1972 4547 2051 4608 tem
2061 4559 2140 4606 ‚cur
2206 4529 2211 4536 ⁸

367 4645 428 4742 issi
456 4657 914 4752 ite'st'atueriot,-quam
941 4659 1035 4753 quid
1063 4677 1175 4732 tuum
1199 4658 1317 4755 posfit'
1334 4661 1536 4732 inventum
1556 4641 1750 4752 colorare,
1785 4663 2140 4758 specte'setcurec:
2194 4687 2202 4696 ·
2242 4649 2259 4694 ’·

370 4791 434 4865 sed
458 4787 608 4886 ingenii
632 4787 1017 4886 impetu-sregeudus
1040 4765 1286 4878 estuatione,
1326 4775 1569 4880 ecquidem,
1604 4787 1760 4884 quaein
1777 4788 2147 4862 ertcoriticado'mi·

1962 5157 1967 5162 ,
1998 5125 2003 5159 s
