<?xml version="1.0" encoding="UTF-8"?>
<!DOCTYPE html PUBLIC "-//W3C//DTD XHTML 1.0 Transitional//EN"
    "http://www.w3.org/TR/xhtml1/DTD/xhtml1-transitional.dtd">
<html xmlns="http://www.w3.org/1999/xhtml" xml:lang="en" lang="en">
 <head>
  <title>
</title>
<meta http-equiv="Content-Type" content="text/html;charset=utf-8" />
  <meta name='ocr-system' content='tesseract 3.04.00' />
  <meta name='ocr-capabilities' content='ocr_page ocr_carea ocr_par ocr_line ocrx_word'/>
</head>
<body>
  <div class='ocr_page' id='page_1' title='image "./annalesacademia00jenagoog_0498.png"; bbox 0 0 4786 5708; ppageno 0'>
   <div class='ocr_carea' id='block_1_1' title="bbox 717 369 1279 490">
    <p class='ocr_par' dir='ltr' id='par_1_1' title="bbox 717 369 1279 490">
     <span class='ocr_line' id='line_1_1' title="bbox 717 369 1279 490; baseline 0.018 -37"><span class='ocrx_word' id='word_1_1' title='bbox 717 425 732 440; x_wconf 50' lang='grc' dir='ltr'><strong>ι</strong></span> <span class='ocrx_word' id='word_1_2' title='bbox 944 429 1003 456; x_wconf 52' lang='grc' dir='ltr'><strong>...ι</strong></span> <span class='ocrx_word' id='word_1_3' title='bbox 1074 369 1160 490; x_wconf 69' lang='lat'><strong>463¹</strong></span> <span class='ocrx_word' id='word_1_4' title='bbox 1205 387 1279 458; x_wconf 55' lang='lat'><strong>&#39;-</strong></span> 
     </span>
    </p>
   </div>
   <div class='ocr_carea' id='block_1_2' title="bbox 803 521 815 552">
    <p class='ocr_par' dir='ltr' id='par_1_2' title="bbox 803 521 815 552">
     <span class='ocr_line' id='line_1_2' title="bbox 803 521 815 552; baseline 0 0"><span class='ocrx_word' id='word_1_5' title='bbox 803 521 815 552; x_wconf 81' lang='grc' dir='ltr'><strong><em>Ι</em></strong></span> 
     </span>
    </p>
   </div>
   <div class='ocr_carea' id='block_1_3' title="bbox 192 531 1999 693">
    <p class='ocr_par' dir='ltr' id='par_1_3' title="bbox 192 531 1999 693">
     <span class='ocr_line' id='line_1_3' title="bbox 192 531 1999 693; baseline -0.003 -34.921"><span class='ocrx_word' id='word_1_6' title='bbox 192 581 348 669; x_wconf 77' lang='lat' dir='ltr'><strong>slatim</strong></span> <span class='ocrx_word' id='word_1_7' title='bbox 373 536 641 686; x_wconf 79' lang='lat' dir='ltr'><strong>mulctantur.</strong></span> <span class='ocrx_word' id='word_1_8' title='bbox 678 584 826 682; x_wconf 83' lang='lat' dir='ltr'><strong>Neque</strong></span> <span class='ocrx_word' id='word_1_9' title='bbox 841 583 947 656; x_wconf 84' lang='lat' dir='ltr'><strong>aliter</strong></span> <span class='ocrx_word' id='word_1_10' title='bbox 972 531 1252 684; x_wconf 72' lang='lat' dir='ltr'><strong>Pythagoraeos</strong></span> <span class='ocrx_word' id='word_1_11' title='bbox 1277 579 1416 693; x_wconf 77' lang='lat' dir='ltr'><strong>sensisse</strong></span> <span class='ocrx_word' id='word_1_12' title='bbox 1437 581 1628 673; x_wconf 81' lang='lat' dir='ltr'><strong>exislimo,</strong></span> <span class='ocrx_word' id='word_1_13' title='bbox 1671 535 1834 683; x_wconf 82' lang='lat' dir='ltr'><strong>quorum</strong></span> <span class='ocrx_word' id='word_1_14' title='bbox 1862 581 1999 679; x_wconf 81' lang='lat' dir='ltr'><strong>placiti</strong></span> 
     </span>
    </p>
   </div>
   <div class='ocr_carea' id='block_1_4' title="bbox 218 711 1997 938">
    <p class='ocr_par' dir='ltr' id='par_1_4' title="bbox 218 711 1997 938">
     <span class='ocr_line' id='line_1_4' title="bbox 218 711 936 842; baseline -0.001 -57.987"><span class='ocrx_word' id='word_1_15' title='bbox 218 737 333 791; x_wconf 89' lang='lat' dir='ltr'><strong>nunc</strong></span> <span class='ocrx_word' id='word_1_16' title='bbox 350 715 504 842; x_wconf 80' lang='lat' dir='ltr'><strong>longius</strong></span> <span class='ocrx_word' id='word_1_17' title='bbox 526 711 789 812; x_wconf 77' lang='lat' dir='ltr'><strong>persequipon</strong></span> <span class='ocrx_word' id='word_1_18' title='bbox 811 729 936 786; x_wconf 83' lang='lat' dir='ltr'><strong>vocat.</strong></span> 
     </span>
     <span class='ocr_line' id='line_1_5' title="bbox 287 811 1997 938; baseline -0.002 -25.919"><span class='ocrx_word' id='word_1_19' title='bbox 287 827 419 938; x_wconf 80' lang='lat' dir='ltr'><strong>:Quo</strong></span> <span class='ocrx_word' id='word_1_20' title='bbox 439 821 557 938; x_wconf 88' lang='lat' dir='ltr'><strong>magis</strong></span> <span class='ocrx_word' id='word_1_21' title='bbox 574 840 726 928; x_wconf 69' lang='lat' dir='ltr'><strong>mirere,</strong></span> <span class='ocrx_word' id='word_1_22' title='bbox 766 836 935 912; x_wconf 76' lang='lat' dir='ltr'><strong>exstitisse</strong></span> <span class='ocrx_word' id='word_1_23' title='bbox 952 841 1023 912; x_wconf 86' lang='lat' dir='ltr'><strong>hac</strong></span> <span class='ocrx_word' id='word_1_24' title='bbox 1039 834 1159 912; x_wconf 82' lang='lat' dir='ltr'><strong>nostra</strong></span> <span class='ocrx_word' id='word_1_25' title='bbox 1179 815 1298 912; x_wconf 81' lang='lat' dir='ltr'><strong>aetate</strong></span> <span class='ocrx_word' id='word_1_26' title='bbox 1320 841 1442 912; x_wconf 82' lang='lat' dir='ltr'><strong>virum</strong></span> <span class='ocrx_word' id='word_1_27' title='bbox 1464 839 1652 936; x_wconf 75' lang='lat' dir='ltr'><strong>quendam</strong></span> <span class='ocrx_word' id='word_1_28' title='bbox 1679 811 1929 911; x_wconf 75' lang='lat' dir='ltr'><strong>doctissimum</strong></span> <span class='ocrx_word' id='word_1_29' title='bbox 1950 841 1997 926; x_wconf 77' lang='lat'><strong>⁴),</strong></span> 
     </span>
    </p>
   </div>
   <div class='ocr_carea' id='block_1_5' title="bbox 220 933 2154 1064">
    <p class='ocr_par' dir='ltr' id='par_1_5' title="bbox 220 933 2154 1064">
     <span class='ocr_line' id='line_1_6' title="bbox 220 933 2154 1064; baseline -0.001 -25.991"><span class='ocrx_word' id='word_1_30' title='bbox 220 967 300 1064; x_wconf 84' lang='lat' dir='ltr'><strong>qui</strong></span> <span class='ocrx_word' id='word_1_31' title='bbox 318 985 493 1041; x_wconf 86' lang='lat' dir='ltr'><strong>veterum</strong></span> <span class='ocrx_word' id='word_1_32' title='bbox 515 966 653 1038; x_wconf 90' lang='lat' dir='ltr'><strong>scilicet</strong></span> <span class='ocrx_word' id='word_1_33' title='bbox 684 965 996 1060; x_wconf 87' lang='lat' dir='ltr'><strong>philosophorum</strong></span> <span class='ocrx_word' id='word_1_34' title='bbox 1021 933 1181 1054; x_wconf 84' lang='lat' dir='ltr'><strong>iudicio,</strong></span> <span class='ocrx_word' id='word_1_35' title='bbox 1226 985 1406 1062; x_wconf 81' lang='lat' dir='ltr'><strong>tanquam</strong></span> <span class='ocrx_word' id='word_1_36' title='bbox 1431 967 1575 1062; x_wconf 87' lang='lat' dir='ltr'><strong>clipeo,</strong></span> <span class='ocrx_word' id='word_1_37' title='bbox 1621 969 1757 1056; x_wconf 81' lang='lat' dir='ltr'><strong>nixus,</strong></span> <span class='ocrx_word' id='word_1_38' title='bbox 1792 967 1996 1064; x_wconf 77' lang='lat' dir='ltr'><strong>imaginem</strong></span> <span class='ocrx_word' id='word_1_39' title='bbox 2151 1049 2154 1056; x_wconf 27' lang='grc' dir='ltr'>Ι</span> 
     </span>
    </p>
   </div>
   <div class='ocr_carea' id='block_1_6' title="bbox 135 1063 2104 1840">
    <p class='ocr_par' dir='ltr' id='par_1_6' title="bbox 135 1063 2104 1840">
     <span class='ocr_line' id='line_1_7' title="bbox 190 1063 1997 1213; baseline 0 -50"><span class='ocrx_word' id='word_1_40' title='bbox 190 1063 514 1187; x_wconf 62' lang='lat' dir='ltr'><strong>„pulcherrimam</strong></span> <span class='ocrx_word' id='word_1_41' title='bbox 533 1083 760 1182; x_wconf 80' lang='lat' dir='ltr'><strong>servitutis,</strong></span> <span class='ocrx_word' id='word_1_42' title='bbox 769 1095 917 1188; x_wconf 87' lang='lat' dir='ltr'><strong>qualem</strong></span> <span class='ocrx_word' id='word_1_43' title='bbox 936 1093 1036 1189; x_wconf 85' lang='lat' dir='ltr'><strong>apud</strong></span> <span class='ocrx_word' id='word_1_44' title='bbox 1055 1111 1198 1166; x_wconf 87' lang='lat' dir='ltr'><strong>veteres</strong></span> <span class='ocrx_word' id='word_1_45' title='bbox 1217 1091 1416 1166; x_wconf 87' lang='lat' dir='ltr'><strong>obtinuisse</strong></span> <span class='ocrx_word' id='word_1_46' title='bbox 1433 1096 1633 1196; x_wconf 85' lang='lat' dir='ltr'><strong>novimus,</strong></span> <span class='ocrx_word' id='word_1_47' title='bbox 1667 1093 1919 1213; x_wconf 73' lang='lat' dir='ltr'><strong>depingeret</strong></span> <span class='ocrx_word' id='word_1_48' title='bbox 1935 1093 1997 1164; x_wconf 88' lang='lat' dir='ltr'><strong>cui</strong></span> 
     </span>
     <span class='ocr_line' id='line_1_8' title="bbox 193 1201 1998 1320; baseline -0.001 -30"><span class='ocrx_word' id='word_1_49' title='bbox 193 1203 264 1290; x_wconf 41' lang='lat' dir='ltr'><strong>*fi</strong></span> <span class='ocrx_word' id='word_1_50' title='bbox 279 1201 406 1294; x_wconf 88' lang='lat' dir='ltr'><strong>nostri·</strong></span> <span class='ocrx_word' id='word_1_51' title='bbox 418 1220 586 1316; x_wconf 71' lang='lat' dir='ltr'><strong>operarii</strong></span> <span class='ocrx_word' id='word_1_52' title='bbox 606 1241 688 1292; x_wconf 88' lang='lat' dir='ltr'><strong>non</strong></span> <span class='ocrx_word' id='word_1_53' title='bbox 714 1219 928 1308; x_wconf 76' lang='lat' dir='ltr'><strong>inviderent</strong></span> <span class='ocrx_word' id='word_1_54' title='bbox 954 1221 1091 1294; x_wconf 85' lang='lat' dir='ltr'><strong>mirum</strong></span> <span class='ocrx_word' id='word_1_55' title='bbox 1119 1219 1204 1292; x_wconf 83' lang='lat' dir='ltr'><strong>saue</strong></span> <span class='ocrx_word' id='word_1_56' title='bbox 1230 1217 1329 1292; x_wconf 88' lang='lat' dir='ltr'><strong>esset.</strong></span> <span class='ocrx_word' id='word_1_57' title='bbox 1388 1222 1449 1294; x_wconf 84' lang='lat' dir='ltr'><strong>Sic</strong></span> <span class='ocrx_word' id='word_1_58' title='bbox 1476 1223 1578 1310; x_wconf 82' lang='lat' dir='ltr'><strong>enim</strong></span> <span class='ocrx_word' id='word_1_59' title='bbox 1597 1222 1661 1292; x_wconf 89' lang='lat' dir='ltr'><strong>ille</strong></span> <span class='ocrx_word' id='word_1_60' title='bbox 1687 1203 1901 1320; x_wconf 79' lang='lat' dir='ltr'><strong>seruitutem</strong></span> <span class='ocrx_word' id='word_1_61' title='bbox 1918 1243 1998 1318; x_wconf 85' lang='lat' dir='ltr'><strong>ger·</strong></span> 
     </span>
     <span class='ocr_line' id='line_1_9' title="bbox 180 1335 2104 1446; baseline 0.001 -28"><span class='ocrx_word' id='word_1_62' title='bbox 180 1349 382 1420; x_wconf 82' lang='grc' dir='ltr'><strong>ἰιιιιιιιιι</strong></span> <span class='ocrx_word' id='word_1_63' title='bbox 399 1347 541 1420; x_wconf 80' lang='lat' dir='ltr'><strong>litteris</strong></span> <span class='ocrx_word' id='word_1_64' title='bbox 553 1345 804 1444; x_wconf 89' lang='lat' dir='ltr'><strong>prosequutus</strong></span> <span class='ocrx_word' id='word_1_65' title='bbox 829 1343 900 1434; x_wconf 89' lang='lat' dir='ltr'><strong>est,</strong></span> <span class='ocrx_word' id='word_1_66' title='bbox 935 1349 1036 1427; x_wconf 84' lang='lat' dir='ltr'><strong>nihil</strong></span> <span class='ocrx_word' id='word_1_67' title='bbox 1056 1347 1245 1436; x_wconf 83' lang='lat' dir='ltr'><strong>utiisdem</strong></span> <span class='ocrx_word' id='word_1_68' title='bbox 1268 1349 1313 1418; x_wconf 88' lang='lat' dir='ltr'><strong>de</strong></span> <span class='ocrx_word' id='word_1_69' title='bbox 1334 1347 1450 1422; x_wconf 82' lang='lat' dir='ltr'><strong>rebus</strong></span> <span class='ocrx_word' id='word_1_70' title='bbox 1469 1367 1655 1442; x_wconf 83' lang='lat' dir='ltr'><strong>tyrannus</strong></span> <span class='ocrx_word' id='word_1_71' title='bbox 1672 1349 1808 1446; x_wconf 80' lang='lat' dir='ltr'><strong>aliquis</strong></span> <span class='ocrx_word' id='word_1_72' title='bbox 1823 1347 1997 1444; x_wconf 88' lang='lat' dir='ltr'><strong>antiqui·</strong></span> <span class='ocrx_word' id='word_1_73' title='bbox 2045 1335 2048 1344; x_wconf 36' lang='lat'>¹</span> <span class='ocrx_word' id='word_1_74' title='bbox 2102 1383 2104 1388; x_wconf 89' lang='lat'><em>·</em></span> 
     </span>
     <span class='ocr_line' id='line_1_10' title="bbox 224 1469 2079 1588; baseline 0.001 -44"><span class='ocrx_word' id='word_1_75' title='bbox 224 1475 312 1546; x_wconf 83' lang='lat' dir='ltr'><strong>tatis</strong></span> <span class='ocrx_word' id='word_1_76' title='bbox 329 1469 571 1548; x_wconf 78' lang='lat' dir='ltr'><strong>desiderasset</strong></span> <span class='ocrx_word' id='word_1_77' title='bbox 626 1479 674 1546; x_wconf 80' lang='lat' dir='ltr'><strong>Et</strong></span> <span class='ocrx_word' id='word_1_78' title='bbox 691 1473 829 1588; x_wconf 81' lang='lat' dir='ltr'><strong>quibus</strong></span> <span class='ocrx_word' id='word_1_79' title='bbox 853 1473 1004 1546; x_wconf 84' lang='lat' dir='ltr'><strong>tandem</strong></span> <span class='ocrx_word' id='word_1_80' title='bbox 1025 1473 1138 1546; x_wconf 89' lang='lat' dir='ltr'><strong>rebus</strong></span> <span class='ocrx_word' id='word_1_81' title='bbox 1158 1493 1355 1568; x_wconf 83' lang='lat' dir='ltr'><strong>privantur</strong></span> <span class='ocrx_word' id='word_1_82' title='bbox 1380 1474 1474 1548; x_wconf 87' lang='lat' dir='ltr'><strong>servi</strong></span> <span class='ocrx_word' id='word_1_83' title='bbox 1496 1473 1585 1552; x_wconf 71' lang='lat' dir='ltr'><strong>istit</strong></span> <span class='ocrx_word' id='word_1_84' title='bbox 1656 1483 1799 1548; x_wconf 85' lang='lat' dir='ltr'><strong>Nonne</strong></span> <span class='ocrx_word' id='word_1_85' title='bbox 1812 1471 1995 1547; x_wconf 90' lang='lat' dir='ltr'><strong>tribuun·</strong></span> <span class='ocrx_word' id='word_1_86' title='bbox 2031 1577 2034 1587; x_wconf 64' lang='lat'><strong>,</strong></span> <span class='ocrx_word' id='word_1_87' title='bbox 2076 1473 2079 1480; x_wconf 82' lang='lat'>&#39;</span> 
     </span>
     <span class='ocr_line' id='line_1_11' title="bbox 135 1597 1997 1715; baseline -0.001 -41"><span class='ocrx_word' id='word_1_88' title='bbox 135 1647 144 1658; x_wconf 91' lang='lat'>·</span> <span class='ocrx_word' id='word_1_89' title='bbox 221 1609 304 1690; x_wconf 79' lang='lat' dir='ltr'><strong>t&#39;ur,</strong></span> <span class='ocrx_word' id='word_1_90' title='bbox 339 1625 434 1709; x_wconf 80' lang='lat' dir='ltr'><strong>quae</strong></span> <span class='ocrx_word' id='word_1_91' title='bbox 452 1601 539 1674; x_wconf 88' lang='lat' dir='ltr'><strong>sunt</strong></span> <span class='ocrx_word' id='word_1_92' title='bbox 557 1601 733 1677; x_wconf 80' lang='lat' dir='ltr'><strong>oninium</strong></span> <span class='ocrx_word' id='word_1_93' title='bbox 755 1597 1017 1673; x_wconf 69' lang='lat' dir='ltr'><strong>communias</strong></span> <span class='ocrx_word' id='word_1_94' title='bbox 1033 1605 1186 1700; x_wconf 87' lang='lat' dir='ltr'><strong>Nempe</strong></span> <span class='ocrx_word' id='word_1_95' title='bbox 1200 1627 1270 1672; x_wconf 84' lang='grc' dir='ltr'><strong>ιιοιι</strong></span> <span class='ocrx_word' id='word_1_96' title='bbox 1289 1601 1649 1706; x_wconf 70' lang='lat' dir='ltr'><strong>prohibentemque</strong></span> <span class='ocrx_word' id='word_1_97' title='bbox 1668 1599 1893 1715; x_wconf 83' lang='lat' dir='ltr'><strong>profluente,</strong></span> <span class='ocrx_word' id='word_1_98' title='bbox 1938 1626 1997 1672; x_wconf 86' lang='lat' dir='ltr'><strong>co·</strong></span> 
     </span>
     <span class='ocr_line' id='line_1_12' title="bbox 222 1719 1995 1840; baseline 0.002 -44"><span class='ocrx_word' id='word_1_99' title='bbox 222 1731 328 1822; x_wconf 76' lang='lat' dir='ltr'><strong>piant</strong></span> <span class='ocrx_word' id='word_1_100' title='bbox 343 1729 418 1800; x_wconf 90' lang='lat' dir='ltr'><strong>ob</strong></span> <span class='ocrx_word' id='word_1_101' title='bbox 406 1756 491 1840; x_wconf 64' lang='lat' dir='ltr'><strong>igue</strong></span> <span class='ocrx_word' id='word_1_102' title='bbox 510 1734 654 1830; x_wconf 81' lang='lat' dir='ltr'><strong>ignem,</strong></span> <span class='ocrx_word' id='word_1_103' title='bbox 682 1719 722 1828; x_wconf 85' lang='lat' dir='ltr'><strong><em>fi</em></strong></span> <span class='ocrx_word' id='word_1_104' title='bbox 743 1755 809 1824; x_wconf 84' lang='lat' dir='ltr'><strong>qur</strong></span> <span class='ocrx_word' id='word_1_105' title='bbox 803 1729 962 1816; x_wconf 81' lang='lat' dir='ltr'><strong>velint,</strong></span> <span class='ocrx_word' id='word_1_106' title='bbox 986 1746 1025 1799; x_wconf 85' lang='lat' dir='ltr'><strong>et</strong></span> <span class='ocrx_word' id='word_1_107' title='bbox 1044 1727 1153 1800; x_wconf 88' lang='lat' dir='ltr'><strong>sortis</strong></span> <span class='ocrx_word' id='word_1_108' title='bbox 1172 1729 1367 1800; x_wconf 87' lang='lat' dir='ltr'><strong>clementia</strong></span> <span class='ocrx_word' id='word_1_109' title='bbox 1388 1731 1526 1804; x_wconf 88' lang='lat' dir='ltr'><strong>multo</strong></span> <span class='ocrx_word' id='word_1_110' title='bbox 1520 1727 1715 1825; x_wconf 82' lang='lat' dir='ltr'><strong>praestant</strong></span> <span class='ocrx_word' id='word_1_111' title='bbox 1731 1726 1995 1803; x_wconf 83' lang='lat' dir='ltr'><strong>exulantibus.</strong></span> 
     </span>
    </p>
   </div>
   <div class='ocr_carea' id='block_1_7' title="bbox 142 1852 2130 1958">
    <p class='ocr_par' dir='ltr' id='par_1_7' title="bbox 142 1852 2130 1958">
     <span class='ocr_line' id='line_1_13' title="bbox 142 1852 2130 1958; baseline -0.001 -32"><span class='ocrx_word' id='word_1_112' title='bbox 142 1868 151 1876; x_wconf 76' lang='lat'><strong><em>‘</em></strong></span> <span class='ocrx_word' id='word_1_113' title='bbox 221 1856 324 1958; x_wconf 80' lang='lat' dir='ltr'><strong>Quin</strong></span> <span class='ocrx_word' id='word_1_114' title='bbox 350 1857 461 1928; x_wconf 83' lang='grc' dir='ltr'><strong>ιιιιιιι</strong></span> <span class='ocrx_word' id='word_1_115' title='bbox 491 1853 516 1928; x_wconf 89' lang='lat' dir='ltr'><strong>li</strong></span> <span class='ocrx_word' id='word_1_116' title='bbox 547 1857 630 1952; x_wconf 88' lang='lat' dir='ltr'><strong>quis</strong></span> <span class='ocrx_word' id='word_1_117' title='bbox 658 1852 707 1928; x_wconf 91' lang='lat' dir='ltr'><strong>est</strong></span> <span class='ocrx_word' id='word_1_118' title='bbox 734 1855 780 1928; x_wconf 89' lang='lat' dir='ltr'><strong>ad</strong></span> <span class='ocrx_word' id='word_1_119' title='bbox 808 1853 1081 1950; x_wconf 82' lang='lat' dir='ltr'><strong>philosophiam</strong></span> <span class='ocrx_word' id='word_1_120' title='bbox 1111 1871 1175 1926; x_wconf 87' lang='lat' dir='ltr'><strong>tut</strong></span> <span class='ocrx_word' id='word_1_121' title='bbox 1199 1857 1377 1926; x_wconf 88' lang='lat' dir='ltr'><strong>virtutem</strong></span> <span class='ocrx_word' id='word_1_122' title='bbox 1399 1856 1643 1952; x_wconf 82' lang='lat' dir='ltr'><strong>propensior</strong></span> <span class='ocrx_word' id='word_1_123' title='bbox 1633 1877 1684 1930; x_wconf 81' lang='lat' dir='ltr'><strong>ita</strong></span> <span class='ocrx_word' id='word_1_124' title='bbox 1705 1859 1803 1928; x_wconf 81' lang='lat' dir='ltr'><strong>hant</strong></span> <span class='ocrx_word' id='word_1_125' title='bbox 1823 1877 1996 1928; x_wconf 80' lang='lat' dir='ltr'><strong>exercere</strong></span> <span class='ocrx_word' id='word_1_126' title='bbox 2093 1863 2130 1886; x_wconf 92' lang='grc'>”</span> 
     </span>
    </p>
   </div>
   <div class='ocr_carea' id='block_1_8' title="bbox 180 1956 2060 2344">
    <p class='ocr_par' dir='ltr' id='par_1_8' title="bbox 180 1956 2060 2344">
     <span class='ocr_line' id='line_1_14' title="bbox 193 1956 1995 2080; baseline -0.003 -24"><span class='ocrx_word' id='word_1_127' title='bbox 193 1979 365 2080; x_wconf 69' lang='lat' dir='ltr'><strong>potest,</strong></span> <span class='ocrx_word' id='word_1_128' title='bbox 401 2002 446 2054; x_wconf 89' lang='lat' dir='ltr'><strong>ut</strong></span> <span class='ocrx_word' id='word_1_129' title='bbox 465 1983 510 2054; x_wconf 88' lang='lat' dir='ltr'><strong>ab</strong></span> <span class='ocrx_word' id='word_1_130' title='bbox 531 1989 686 2080; x_wconf 80' lang='lat' dir='ltr'><strong>amiqua</strong></span> <span class='ocrx_word' id='word_1_131' title='bbox 708 1985 919 2056; x_wconf 87' lang='lat' dir='ltr'><strong>Stoicorum</strong></span> <span class='ocrx_word' id='word_1_132' title='bbox 944 1981 1028 2052; x_wconf 80' lang='lat' dir='ltr'><strong>uel·</strong></span> <span class='ocrx_word' id='word_1_133' title='bbox 1019 1956 1258 2074; x_wconf 88' lang='lat' dir='ltr'><strong>·Cynicorum</strong></span> <span class='ocrx_word' id='word_1_134' title='bbox 1277 1981 1469 2076; x_wconf 82' lang='lat' dir='ltr'><strong>disciplina</strong></span> <span class='ocrx_word' id='word_1_135' title='bbox 1494 2009 1575 2054; x_wconf 89' lang='lat' dir='ltr'><strong>non</strong></span> <span class='ocrx_word' id='word_1_136' title='bbox 1603 1973 1826 2056; x_wconf 86' lang='lat' dir='ltr'><strong>abhorreat.</strong></span> <span class='ocrx_word' id='word_1_137' title='bbox 1875 1982 1995 2054; x_wconf 77' lang='lat' dir='ltr'><strong>cuiue</strong></span> 
     </span>
     <span class='ocr_line' id='line_1_15' title="bbox 219 2097 2060 2206; baseline -0.001 -24"><span class='ocrx_word' id='word_1_138' title='bbox 219 2110 274 2184; x_wconf 90' lang='lat' dir='ltr'><strong>rei</strong></span> <span class='ocrx_word' id='word_1_139' title='bbox 294 2113 513 2204; x_wconf 68' lang='lat' dir='ltr'><strong>exemplum</strong></span> <span class='ocrx_word' id='word_1_140' title='bbox 532 2097 679 2183; x_wconf 85' lang='lat' dir='ltr'><strong>multus</strong></span> <span class='ocrx_word' id='word_1_141' title='bbox 700 2107 775 2182; x_wconf 91' lang='lat' dir='ltr'><strong>est</strong></span> <span class='ocrx_word' id='word_1_142' title='bbox 765 2133 806 2180; x_wconf 90' lang='grc' dir='ltr'><strong>ιιι</strong></span> <span class='ocrx_word' id='word_1_143' title='bbox 825 2132 890 2180; x_wconf 92' lang='lat' dir='ltr'><strong>ore</strong></span> <span class='ocrx_word' id='word_1_144' title='bbox 911 2107 1088 2206; x_wconf 85' lang='lat' dir='ltr'><strong>Hugonis</strong></span> <span class='ocrx_word' id='word_1_145' title='bbox 1107 2109 1314 2201; x_wconf 80' lang='lat' dir='ltr'><strong>Epictetus</strong></span> <span class='ocrx_word' id='word_1_146' title='bbox 1368 2110 1471 2182; x_wconf 85' lang='lat' dir='ltr'><strong>Sed</strong></span> <span class='ocrx_word' id='word_1_147' title='bbox 1459 2135 1500 2180; x_wconf 91' lang='grc' dir='ltr'><strong>ιιι</strong></span> <span class='ocrx_word' id='word_1_148' title='bbox 1521 2113 1595 2182; x_wconf 91' lang='lat' dir='ltr'><strong>hoe</strong></span> <span class='ocrx_word' id='word_1_149' title='bbox 1611 2134 1693 2182; x_wconf 83' lang='lat' dir='ltr'><strong>nun</strong></span> <span class='ocrx_word' id='word_1_150' title='bbox 1713 2129 1789 2184; x_wconf 91' lang='lat' dir='ltr'><strong>tam</strong></span> <span class='ocrx_word' id='word_1_151' title='bbox 1806 2109 1996 2182; x_wconf 78' lang='lat' dir='ltr'><strong>servitutis</strong></span> <span class='ocrx_word' id='word_1_152' title='bbox 2055 2173 2060 2188; x_wconf 93' lang='grc'><em>,</em></span> 
     </span>
     <span class='ocr_line' id='line_1_16' title="bbox 180 2192 1993 2344; baseline -0.001 -36"><span class='ocrx_word' id='word_1_153' title='bbox 180 2283 185 2292; x_wconf 80' lang='lat'><strong>,</strong></span> <span class='ocrx_word' id='word_1_154' title='bbox 222 2239 427 2324; x_wconf 79' lang='lat' dir='ltr'><strong>lenitatem</strong></span> <span class='ocrx_word' id='word_1_155' title='bbox 449 2247 568 2336; x_wconf 85' lang='lat' dir='ltr'><strong>&#39;quam</strong></span> <span class='ocrx_word' id='word_1_156' title='bbox 603 2240 789 2343; x_wconf 78' lang='lat' dir='ltr'><strong>humanae</strong></span> <span class='ocrx_word' id='word_1_157' title='bbox 823 2255 978 2307; x_wconf 89' lang='lat' dir='ltr'><strong>naturae</strong></span> <span class='ocrx_word' id='word_1_158' title='bbox 1014 2229 1273 2328; x_wconf 82' lang='lat' dir='ltr'><strong>praestantiam</strong></span> <span class='ocrx_word' id='word_1_159' title='bbox 1312 2192 1521 2324; x_wconf 87' lang='lat' dir='ltr'><strong>admirere,</strong></span> <span class='ocrx_word' id='word_1_160' title='bbox 1574 2239 1686 2344; x_wconf 78' lang='lat' dir='ltr'><strong>cuius</strong></span> <span class='ocrx_word' id='word_1_161' title='bbox 1730 2241 1804 2312; x_wconf 89' lang='lat' dir='ltr'><strong>hoe</strong></span> <span class='ocrx_word' id='word_1_162' title='bbox 1845 2239 1993 2324; x_wconf 86' lang='lat' dir='ltr'><strong>dictum</strong></span> 
     </span>
    </p>
   </div>
   <div class='ocr_carea' id='block_1_9' title="bbox 222 2350 2122 2469">
    <p class='ocr_par' dir='ltr' id='par_1_9' title="bbox 222 2350 2122 2469">
     <span class='ocr_line' id='line_1_17' title="bbox 222 2350 2122 2469; baseline -0.002 -31"><span class='ocrx_word' id='word_1_163' title='bbox 222 2350 508 2469; x_wconf 24' lang='lat' dir='ltr'><strong>circumfertur-a</strong></span> <span class='ocrx_word' id='word_1_164' title='bbox 554 2362 686 2438; x_wconf 70' lang='lat' dir='ltr'><strong>Seruus</strong></span> <span class='ocrx_word' id='word_1_165' title='bbox 707 2389 789 2464; x_wconf 45' lang='lat' dir='ltr'><strong>‚ego</strong></span> <span class='ocrx_word' id='word_1_166' title='bbox 813 2355 933 2468; x_wconf 76' lang='lat' dir='ltr'><strong>suen,</strong></span> <span class='ocrx_word' id='word_1_167' title='bbox 992 2361 1157 2466; x_wconf 81' lang='lat' dir='ltr'><strong>riterrrbro</strong></span> <span class='ocrx_word' id='word_1_168' title='bbox 1190 2357 1396 2461; x_wconf 75' lang='lat' dir='ltr'><strong>fractus,</strong></span> <span class='ocrx_word' id='word_1_169' title='bbox 1433 2361 1562 2458; x_wconf 76' lang='lat' dir='ltr'><strong>inopiai‘</strong></span> <span class='ocrx_word' id='word_1_170' title='bbox 1593 2367 1687 2438; x_wconf 80' lang='lat' dir='ltr'><strong>oster</strong></span> <span class='ocrx_word' id='word_1_171' title='bbox 1720 2373 1832 2438; x_wconf 78' lang='grc' dir='ltr'><strong>Ιιιιιι</strong></span> <span class='ocrx_word' id='word_1_172' title='bbox 1866 2363 1992 2436; x_wconf 83' lang='lat' dir='ltr'><strong>&#39;nihilo</strong></span> <span class='ocrx_word' id='word_1_173' title='bbox 2029 2383 2032 2390; x_wconf 56' lang='lat'><strong>⁴</strong></span> <span class='ocrx_word' id='word_1_174' title='bbox 2118 2389 2122 2396; x_wconf 90' lang='lat'>·</span> 
     </span>
    </p>
   </div>
   <div class='ocr_carea' id='block_1_10' title="bbox 126 2483 2097 3734">
    <p class='ocr_par' dir='ltr' id='par_1_10' title="bbox 126 2483 2097 3610">
     <span class='ocr_line' id='line_1_18' title="bbox 223 2483 1991 2593; baseline 0.001 -31"><span class='ocrx_word' id='word_1_175' title='bbox 223 2509 345 2566; x_wconf 83' lang='lat' dir='ltr'><strong>tornea</strong></span> <span class='ocrx_word' id='word_1_176' title='bbox 364 2489 483 2565; x_wconf 84' lang='lat' dir='ltr'><strong>minus</strong></span> <span class='ocrx_word' id='word_1_177' title='bbox 503 2497 571 2566; x_wconf 87' lang='lat' dir='ltr'><strong>Dii</strong></span> <span class='ocrx_word' id='word_1_178' title='bbox 592 2491 681 2566; x_wconf 79' lang='lat' dir='ltr'><strong>milii</strong></span> <span class='ocrx_word' id='word_1_179' title='bbox 707 2493 859 2588; x_wconf 83' lang='lat' dir='ltr'><strong>propitii</strong></span> <span class='ocrx_word' id='word_1_180' title='bbox 853 2483 990 2591; x_wconf 79' lang='lat' dir='ltr'><strong>sunt!</strong></span> <span class='ocrx_word' id='word_1_181' title='bbox 1024 2488 1129 2562; x_wconf 78' lang='lat' dir='ltr'><strong>Adeo</strong></span> <span class='ocrx_word' id='word_1_182' title='bbox 1158 2512 1238 2561; x_wconf 90' lang='lat' dir='ltr'><strong>non</strong></span> <span class='ocrx_word' id='word_1_183' title='bbox 1265 2508 1455 2584; x_wconf 75' lang='lat' dir='ltr'><strong>potetate</strong></span> <span class='ocrx_word' id='word_1_184' title='bbox 1482 2488 1665 2569; x_wconf 81' lang='lat' dir='ltr'><strong>servitute</strong></span> <span class='ocrx_word' id='word_1_185' title='bbox 1683 2491 1842 2593; x_wconf 74' lang='lat' dir='ltr'><strong>infringi</strong></span> <span class='ocrx_word' id='word_1_186' title='bbox 1872 2491 1991 2564; x_wconf 86' lang='lat' dir='ltr'><strong>enimi</strong></span> 
     </span>
     <span class='ocr_line' id='line_1_19' title="bbox 126 2613 1991 2720; baseline -0.002 -28"><span class='ocrx_word' id='word_1_187' title='bbox 126 2646 129 2658; x_wconf 95' lang='lat'><em>·</em></span> <span class='ocrx_word' id='word_1_188' title='bbox 208 2621 558 2720; x_wconf 68' lang='lat' dir='ltr'><strong>,eiusmaguitudq</strong></span> <span class='ocrx_word' id='word_1_189' title='bbox 621 2623 692 2710; x_wconf 79' lang='lat' dir='ltr'><strong>At,</strong></span> <span class='ocrx_word' id='word_1_190' title='bbox 736 2617 959 2716; x_wconf 85' lang='lat' dir='ltr'><strong>quisaetum</strong></span> <span class='ocrx_word' id='word_1_191' title='bbox 984 2613 1049 2703; x_wconf 78' lang='lat' dir='ltr'><strong>lie,</strong></span> <span class='ocrx_word' id='word_1_192' title='bbox 1094 2633 1139 2686; x_wconf 91' lang='lat' dir='ltr'><strong>ut</strong></span> <span class='ocrx_word' id='word_1_193' title='bbox 1157 2615 1274 2690; x_wconf 78' lang='lat' dir='ltr'><strong>Stoici</strong></span> <span class='ocrx_word' id='word_1_194' title='bbox 1299 2619 1460 2691; x_wconf 76' lang='lat' dir='ltr'><strong>alicuius</strong></span> <span class='ocrx_word' id='word_1_195' title='bbox 1478 2622 1660 2714; x_wconf 85' lang='lat' dir='ltr'><strong>exemplo</strong></span> <span class='ocrx_word' id='word_1_196' title='bbox 1678 2620 1991 2693; x_wconf 71' lang='lat' dir='ltr'><strong>adosculandum</strong></span> 
     </span>
     <span class='ocr_line' id='line_1_20' title="bbox 128 2717 2081 2848; baseline -0.004 -24"><span class='ocrx_word' id='word_1_197' title='bbox 128 2823 139 2839; x_wconf 58' lang='grc'>,</span> <span class='ocrx_word' id='word_1_198' title='bbox 222 2748 437 2824; x_wconf 86' lang='lat' dir='ltr'><strong>servitutem</strong></span> <span class='ocrx_word' id='word_1_199' title='bbox 456 2754 574 2848; x_wconf 78' lang='lat' dir='ltr'><strong>Hugo</strong></span> <span class='ocrx_word' id='word_1_200' title='bbox 595 2717 830 2833; x_wconf 82' lang='lat' dir='ltr'><strong>abuteretur,</strong></span> <span class='ocrx_word' id='word_1_201' title='bbox 859 2746 977 2841; x_wconf 79' lang='lat' dir='ltr'><strong>plane</strong></span> <span class='ocrx_word' id='word_1_202' title='bbox 994 2765 1077 2818; x_wconf 83' lang='lat' dir='ltr'><strong>non</strong></span> <span class='ocrx_word' id='word_1_203' title='bbox 1094 2761 1290 2838; x_wconf 77' lang='lat' dir='ltr'><strong>experto,</strong></span> <span class='ocrx_word' id='word_1_204' title='bbox 1283 2769 1419 2840; x_wconf 79' lang='lat' dir='ltr'><strong>quum</strong></span> <span class='ocrx_word' id='word_1_205' title='bbox 1430 2749 1547 2830; x_wconf 76' lang='lat' dir='ltr'><strong>Stoici</strong></span> <span class='ocrx_word' id='word_1_206' title='bbox 1566 2747 1820 2848; x_wconf 80' lang='lat' dir='ltr'><strong>praesertim</strong></span> <span class='ocrx_word' id='word_1_207' title='bbox 1793 2775 1822 2820; x_wconf 90' lang='grc' dir='ltr'><strong>ιι</strong></span> <span class='ocrx_word' id='word_1_208' title='bbox 1837 2747 1992 2834; x_wconf 77' lang='lat' dir='ltr'><strong>luerint,</strong></span> <span class='ocrx_word' id='word_1_209' title='bbox 2018 2783 2034 2830; x_wconf 69' lang='lat'><strong>,·</strong></span> <span class='ocrx_word' id='word_1_210' title='bbox 2076 2823 2081 2830; x_wconf 62' lang='grc'><strong>,</strong></span> 
     </span>
     <span class='ocr_line' id='line_1_21' title="bbox 220 2865 2097 2978; baseline -0.003 -30"><span class='ocrx_word' id='word_1_211' title='bbox 220 2879 305 2976; x_wconf 84' lang='lat' dir='ltr'><strong>qui,</strong></span> <span class='ocrx_word' id='word_1_212' title='bbox 351 2874 555 2949; x_wconf 87' lang='lat' dir='ltr'><strong>secuudum</strong></span> <span class='ocrx_word' id='word_1_213' title='bbox 581 2875 717 2971; x_wconf 86' lang='lat' dir='ltr'><strong>placita</strong></span> <span class='ocrx_word' id='word_1_214' title='bbox 741 2873 802 2944; x_wconf 92' lang='lat' dir='ltr'><strong>sua</strong></span> <span class='ocrx_word' id='word_1_215' title='bbox 827 2871 873 2942; x_wconf 89' lang='lat' dir='ltr'><strong>de</strong></span> <span class='ocrx_word' id='word_1_216' title='bbox 900 2869 971 2944; x_wconf 82' lang='lat' dir='ltr'><strong>cleo</strong></span> <span class='ocrx_word' id='word_1_217' title='bbox 999 2867 1202 2944; x_wconf 87' lang='lat' dir='ltr'><strong>domestico</strong></span> <span class='ocrx_word' id='word_1_218' title='bbox 1222 2875 1288 2963; x_wconf 80' lang='grc' dir='ltr'><strong>(τῶ</strong></span> <span class='ocrx_word' id='word_1_219' title='bbox 1313 2867 1401 2944; x_wconf 67' lang='grc' dir='ltr'><strong>ἔνιοι</strong></span> <span class='ocrx_word' id='word_1_220' title='bbox 1405 2865 1532 2978; x_wconf 63' lang='lat' dir='ltr'><strong>aaa),</strong></span> <span class='ocrx_word' id='word_1_221' title='bbox 1559 2875 1776 2950; x_wconf 86' lang='lat' dir='ltr'><strong>miserorum</strong></span> <span class='ocrx_word' id='word_1_222' title='bbox 1798 2877 1988 2948; x_wconf 75' lang='lat' dir='ltr'><strong>serrorum</strong></span> <span class='ocrx_word' id='word_1_223' title='bbox 2064 2937 2067 2944; x_wconf 93' lang='grc'><em>,</em></span> <span class='ocrx_word' id='word_1_224' title='bbox 2096 2947 2097 2956; x_wconf 9' lang='grc' dir='ltr'>χ</span> 
     </span>
     <span class='ocr_line' id='line_1_22' title="bbox 194 2994 1988 3106; baseline -0.003 -30"><span class='ocrx_word' id='word_1_225' title='bbox 194 2999 376 3078; x_wconf 74' lang='lat' dir='ltr'><strong>&#39;caussam</strong></span> <span class='ocrx_word' id='word_1_226' title='bbox 394 3021 574 3102; x_wconf 88' lang='lat' dir='ltr'><strong>tanquam</strong></span> <span class='ocrx_word' id='word_1_227' title='bbox 594 3001 745 3098; x_wconf 85' lang='lat' dir='ltr'><strong>patroni</strong></span> <span class='ocrx_word' id='word_1_228' title='bbox 770 2994 995 3094; x_wconf 85' lang='lat' dir='ltr'><strong>susciperent</strong></span> <span class='ocrx_word' id='word_1_229' title='bbox 1011 3017 1069 3086; x_wconf 89' lang='lat' dir='ltr'><strong>et,</strong></span> <span class='ocrx_word' id='word_1_230' title='bbox 1096 3017 1140 3071; x_wconf 91' lang='lat' dir='ltr'><strong>ut</strong></span> <span class='ocrx_word' id='word_1_231' title='bbox 1159 3005 1320 3072; x_wconf 87' lang='lat' dir='ltr'><strong>Senecae</strong></span> <span class='ocrx_word' id='word_1_232' title='bbox 1335 2999 1461 3075; x_wconf 88' lang='lat' dir='ltr'><strong>verbis</strong></span> <span class='ocrx_word' id='word_1_233' title='bbox 1477 3019 1581 3092; x_wconf 83' lang='lat' dir='ltr'><strong>uter,</strong></span> <span class='ocrx_word' id='word_1_234' title='bbox 1606 3003 1821 3106; x_wconf 53' lang='lat' dir='ltr'><strong>⁴hominem</strong></span> <span class='ocrx_word' id='word_1_235' title='bbox 1851 2999 1988 3076; x_wconf 84' lang='lat' dir='ltr'><strong>sacram</strong></span> 
     </span>
     <span class='ocr_line' id='line_1_23' title="bbox 152 3121 1989 3234; baseline -0.004 -26"><span class='ocrx_word' id='word_1_236' title='bbox 152 3143 174 3234; x_wconf 20' lang='lat'><strong>&#39;-</strong></span> <span class='ocrx_word' id='word_1_237' title='bbox 220 3130 289 3208; x_wconf 81' lang='lat' dir='ltr'><strong>esse</strong></span> <span class='ocrx_word' id='word_1_238' title='bbox 312 3131 395 3206; x_wconf 80' lang='lat' dir='ltr'><strong>rem</strong></span> <span class='ocrx_word' id='word_1_239' title='bbox 420 3149 457 3204; x_wconf 90' lang='lat' dir='ltr'><strong>et</strong></span> <span class='ocrx_word' id='word_1_240' title='bbox 481 3127 594 3226; x_wconf 87' lang='lat' dir='ltr'><strong>ipsius</strong></span> <span class='ocrx_word' id='word_1_241' title='bbox 620 3146 775 3212; x_wconf 81' lang='lat' dir='ltr'><strong>naturae</strong></span> <span class='ocrx_word' id='word_1_242' title='bbox 803 3125 978 3222; x_wconf 86' lang='lat' dir='ltr'><strong>manibus</strong></span> <span class='ocrx_word' id='word_1_243' title='bbox 999 3121 1173 3198; x_wconf 81' lang='lat' dir='ltr'><strong>effectum</strong></span> <span class='ocrx_word' id='word_1_244' title='bbox 1202 3127 1405 3200; x_wconf 84' lang='lat' dir='ltr'><strong>delubrum</strong></span> <span class='ocrx_word' id='word_1_245' title='bbox 1429 3131 1537 3202; x_wconf 88' lang='lat' dir='ltr'><strong>cuius</strong></span> <span class='ocrx_word' id='word_1_246' title='bbox 1564 3131 1841 3214; x_wconf 82' lang='lat' dir='ltr'><strong>inhabitantem</strong></span> <span class='ocrx_word' id='word_1_247' title='bbox 1863 3135 1989 3203; x_wconf 85' lang='lat' dir='ltr'><strong>Deum</strong></span> 
     </span>
     <span class='ocr_line' id='line_1_24' title="bbox 216 3251 1990 3358; baseline -0.002 -27"><span class='ocrx_word' id='word_1_248' title='bbox 216 3259 283 3358; x_wconf 89' lang='lat' dir='ltr'><strong>pio</strong></span> <span class='ocrx_word' id='word_1_249' title='bbox 308 3259 436 3332; x_wconf 87' lang='lat' dir='ltr'><strong>animo</strong></span> <span class='ocrx_word' id='word_1_250' title='bbox 459 3257 664 3332; x_wconf 88' lang='lat' dir='ltr'><strong>colendum</strong></span> <span class='ocrx_word' id='word_1_251' title='bbox 692 3253 779 3342; x_wconf 84' lang='lat' dir='ltr'><strong>ell&#39;e,</strong></span> <span class='ocrx_word' id='word_1_252' title='bbox 824 3251 1000 3325; x_wconf 79' lang='lat' dir='ltr'><strong>dicerent.</strong></span> <span class='ocrx_word' id='word_1_253' title='bbox 1060 3255 1185 3351; x_wconf 77' lang='lat' dir='ltr'><strong>Magis</strong></span> <span class='ocrx_word' id='word_1_254' title='bbox 1203 3259 1272 3348; x_wconf 88' lang='lat' dir='ltr'><strong>pro‘</strong></span> <span class='ocrx_word' id='word_1_255' title='bbox 1291 3279 1329 3326; x_wconf 89' lang='lat' dir='ltr'><strong>re</strong></span> <span class='ocrx_word' id='word_1_256' title='bbox 1343 3258 1523 3356; x_wconf 74' lang='lat' dir='ltr'><strong>lingonis</strong></span> <span class='ocrx_word' id='word_1_257' title='bbox 1540 3255 1608 3347; x_wconf 86' lang='lat' dir='ltr'><strong>est,</strong></span> <span class='ocrx_word' id='word_1_258' title='bbox 1644 3285 1755 3357; x_wconf 88' lang='lat' dir='ltr'><strong>quem</strong></span> <span class='ocrx_word' id='word_1_259' title='bbox 1778 3257 1854 3355; x_wconf 87' lang='lat' dir='ltr'><strong>ipse</strong></span> <span class='ocrx_word' id='word_1_260' title='bbox 1877 3257 1990 3329; x_wconf 84' lang='lat' dir='ltr'><strong>etiam</strong></span> 
     </span>
     <span class='ocr_line' id='line_1_25' title="bbox 197 3365 2060 3485; baseline -0.004 -25"><span class='ocrx_word' id='word_1_261' title='bbox 197 3386 347 3485; x_wconf 73' lang='lat' dir='ltr'><strong>magni</strong></span> <span class='ocrx_word' id='word_1_262' title='bbox 364 3403 401 3458; x_wconf 89' lang='lat' dir='ltr'><strong>et</strong></span> <span class='ocrx_word' id='word_1_263' title='bbox 417 3387 507 3456; x_wconf 89' lang='lat' dir='ltr'><strong>olari</strong></span> <span class='ocrx_word' id='word_1_264' title='bbox 522 3387 562 3456; x_wconf 88' lang='lat' dir='ltr'><strong>in</strong></span> <span class='ocrx_word' id='word_1_265' title='bbox 579 3385 753 3458; x_wconf 83' lang='lat' dir='ltr'><strong>servitute</strong></span> <span class='ocrx_word' id='word_1_266' title='bbox 774 3381 847 3451; x_wconf 82' lang='lat' dir='ltr'><strong>viri</strong></span> <span class='ocrx_word' id='word_1_267' title='bbox 865 3373 976 3452; x_wconf 71' lang='lat' dir='ltr'><strong>inlisi</strong></span> <span class='ocrx_word' id='word_1_268' title='bbox 992 3379 1209 3475; x_wconf 78' lang='lat' dir='ltr'><strong>proposuit,</strong></span> <span class='ocrx_word' id='word_1_269' title='bbox 1246 3377 1366 3456; x_wconf 65' lang='lat' dir='ltr'><strong>castus</strong></span> <span class='ocrx_word' id='word_1_270' title='bbox 1383 3385 1449 3454; x_wconf 88' lang='lat' dir='ltr'><strong>ille</strong></span> <span class='ocrx_word' id='word_1_271' title='bbox 1464 3385 1663 3480; x_wconf 85' lang='lat' dir='ltr'><strong>Iosephus,</strong></span> <span class='ocrx_word' id='word_1_272' title='bbox 1690 3381 1904 3483; x_wconf 76' lang='lat' dir='ltr'><strong>Potipha&#39;ria</strong></span> <span class='ocrx_word' id='word_1_273' title='bbox 1921 3383 1988 3454; x_wconf 88' lang='lat' dir='ltr'><strong>ser·</strong></span> <span class='ocrx_word' id='word_1_274' title='bbox 2058 3365 2060 3376; x_wconf 45' lang='lat'>¹</span> 
     </span>
     <span class='ocr_line' id='line_1_26' title="bbox 216 3491 2018 3610; baseline -0.003 -24"><span class='ocrx_word' id='word_1_275' title='bbox 216 3539 309 3604; x_wconf 78' lang='lat' dir='ltr'><strong>rus,</strong></span> <span class='ocrx_word' id='word_1_276' title='bbox 347 3535 424 3610; x_wconf 92' lang='lat' dir='ltr'><strong>quo</strong></span> <span class='ocrx_word' id='word_1_277' title='bbox 444 3511 570 3584; x_wconf 90' lang='lat' dir='ltr'><strong>neseio</strong></span> <span class='ocrx_word' id='word_1_278' title='bbox 592 3533 639 3582; x_wconf 89' lang='lat' dir='ltr'><strong>an</strong></span> <span class='ocrx_word' id='word_1_279' title='bbox 663 3491 837 3582; x_wconf 82' lang='lat' dir='ltr'><strong>ibcestius</strong></span> <span class='ocrx_word' id='word_1_280' title='bbox 856 3531 898 3580; x_wconf 90' lang='lat' dir='ltr'><strong>ac</strong></span> <span class='ocrx_word' id='word_1_281' title='bbox 924 3507 1073 3601; x_wconf 82' lang='lat' dir='ltr'><strong>turpius</strong></span> <span class='ocrx_word' id='word_1_282' title='bbox 1099 3503 1305 3578; x_wconf 87' lang='lat' dir='ltr'><strong>monsirum</strong></span> <span class='ocrx_word' id='word_1_283' title='bbox 1333 3527 1428 3582; x_wconf 80' lang='lat' dir='ltr'><strong>terra</strong></span> <span class='ocrx_word' id='word_1_284' title='bbox 1455 3505 1652 3607; x_wconf 86' lang='lat' dir='ltr'><strong>nunquam</strong></span> <span class='ocrx_word' id='word_1_285' title='bbox 1682 3517 1821 3586; x_wconf 87' lang='lat' dir='ltr'><strong>tulerit.</strong></span> <span class='ocrx_word' id='word_1_286' title='bbox 1885 3509 2018 3602; x_wconf 55' lang='lat' dir='ltr'><strong>Huic,</strong></span> 
     </span>
    </p>

    <p class='ocr_par' dir='ltr' id='par_1_11' title="bbox 200 3627 1987 3734">
     <span class='ocr_line' id='line_1_27' title="bbox 200 3627 1987 3734; baseline -0.003 -20"><span class='ocrx_word' id='word_1_287' title='bbox 200 3635 319 3714; x_wconf 74' lang='grc' dir='ltr'><strong>ἰιιιιιι</strong></span> <span class='ocrx_word' id='word_1_288' title='bbox 350 3640 442 3714; x_wconf 87' lang='lat' dir='ltr'><strong>adeo</strong></span> <span class='ocrx_word' id='word_1_289' title='bbox 472 3637 657 3712; x_wconf 83' lang='lat' dir='ltr'><strong>arridebat</strong></span> <span class='ocrx_word' id='word_1_290' title='bbox 680 3635 861 3722; x_wconf 85' lang='lat' dir='ltr'><strong>servitus,</strong></span> <span class='ocrx_word' id='word_1_291' title='bbox 904 3651 948 3704; x_wconf 91' lang='lat' dir='ltr'><strong>ut</strong></span> <span class='ocrx_word' id='word_1_292' title='bbox 965 3657 1053 3704; x_wconf 89' lang='lat' dir='ltr'><strong>non</strong></span> <span class='ocrx_word' id='word_1_293' title='bbox 1082 3633 1203 3708; x_wconf 86' lang='lat' dir='ltr'><strong>solum</strong></span> <span class='ocrx_word' id='word_1_294' title='bbox 1230 3627 1442 3732; x_wconf 80' lang='lat' dir='ltr'><strong>Aegyptios</strong></span> <span class='ocrx_word' id='word_1_295' title='bbox 1467 3659 1599 3734; x_wconf 84' lang='lat' dir='ltr'><strong>omnes</strong></span> <span class='ocrx_word' id='word_1_296' title='bbox 1624 3638 1748 3710; x_wconf 83' lang='lat' dir='ltr'><strong>servos</strong></span> <span class='ocrx_word' id='word_1_297' title='bbox 1767 3639 1904 3712; x_wconf 86' lang='lat' dir='ltr'><strong>laceret</strong></span> <span class='ocrx_word' id='word_1_298' title='bbox 1926 3637 1987 3711; x_wconf 88' lang='lat' dir='ltr'><strong>sed</strong></span> 
     </span>
    </p>
   </div>
   <div class='ocr_carea' id='block_1_11' title="bbox 39 3761 2103 3914">
    <p class='ocr_par' dir='ltr' id='par_1_12' title="bbox 39 3761 2103 3914">
     <span class='ocr_line' id='line_1_28' title="bbox 39 3761 2103 3914; baseline -0.001 -73"><span class='ocrx_word' id='word_1_299' title='bbox 39 3767 43 3775; x_wconf 82' lang='lat'>&#39;</span> <span class='ocrx_word' id='word_1_300' title='bbox 97 3771 107 3788; x_wconf 89' lang='lat'><strong><em>‘</em></strong></span> <span class='ocrx_word' id='word_1_301' title='bbox 216 3771 330 3841; x_wconf 90' lang='lat' dir='ltr'><strong>etiam</strong></span> <span class='ocrx_word' id='word_1_302' title='bbox 360 3765 572 3841; x_wconf 88' lang='lat' dir='ltr'><strong>universum</strong></span> <span class='ocrx_word' id='word_1_303' title='bbox 599 3763 808 3914; x_wconf 84' lang='lat' dir='ltr'><strong>populum,</strong></span> <span class='ocrx_word' id='word_1_304' title='bbox 854 3761 961 3836; x_wconf 87' lang='lat' dir='ltr'><strong>cuius</strong></span> <span class='ocrx_word' id='word_1_305' title='bbox 986 3761 1064 3856; x_wconf 88' lang='lat' dir='ltr'><strong>ipse</strong></span> <span class='ocrx_word' id='word_1_306' title='bbox 1082 3781 1159 3836; x_wconf 86' lang='lat' dir='ltr'><strong>erat</strong></span> <span class='ocrx_word' id='word_1_307' title='bbox 1177 3785 1280 3860; x_wconf 87' lang='lat' dir='ltr'><strong>pars,</strong></span> <span class='ocrx_word' id='word_1_308' title='bbox 1322 3763 1362 3835; x_wconf 88' lang='lat' dir='ltr'><strong>in</strong></span> <span class='ocrx_word' id='word_1_309' title='bbox 1376 3765 1477 3836; x_wconf 88' lang='lat' dir='ltr'><strong>hanc</strong></span> <span class='ocrx_word' id='word_1_310' title='bbox 1496 3765 1655 3836; x_wconf 86' lang='lat' dir='ltr'><strong>eandem</strong></span> <span class='ocrx_word' id='word_1_311' title='bbox 1672 3764 1888 3838; x_wconf 80' lang='lat' dir='ltr'><strong>servitutem</strong></span> <span class='ocrx_word' id='word_1_312' title='bbox 1906 3767 1988 3860; x_wconf 86' lang='lat' dir='ltr'><strong>pel·</strong></span> <span class='ocrx_word' id='word_1_313' title='bbox 2095 3819 2103 3839; x_wconf 50' lang='grc' dir='ltr'><strong>ι</strong></span> 
     </span>
    </p>
   </div>
   <div class='ocr_carea' id='block_1_12' title="bbox 214 3897 401 3970">
    <p class='ocr_par' dir='ltr' id='par_1_13' title="bbox 214 3897 401 3970">
     <span class='ocr_line' id='line_1_29' title="bbox 214 3897 401 3970; baseline -0.03 0"><span class='ocrx_word' id='word_1_314' title='bbox 214 3897 401 3970; x_wconf 89' lang='lat' dir='ltr'><strong>liceret.</strong></span> 
     </span>
    </p>
   </div>
   <div class='ocr_carea' id='block_1_13' title="bbox 247 3991 2201 4116">
    <p class='ocr_par' dir='ltr' id='par_1_14' title="bbox 247 3991 2201 4116">
     <span class='ocr_line' id='line_1_30' title="bbox 247 3991 2201 4116; baseline -0.002 -19.854"><span class='ocrx_word' id='word_1_315' title='bbox 247 4020 388 4096; x_wconf 73' lang='lat' dir='ltr'><strong>aed</strong></span> <span class='ocrx_word' id='word_1_316' title='bbox 416 4015 635 4116; x_wconf 85' lang='lat' dir='ltr'><strong>repudiasset</strong></span> <span class='ocrx_word' id='word_1_317' title='bbox 659 4017 716 4088; x_wconf 85' lang='lat' dir='ltr'><strong>vir</strong></span> <span class='ocrx_word' id='word_1_318' title='bbox 740 4010 972 4092; x_wconf 82' lang='lat' dir='ltr'><strong>doctiffimus</strong></span> <span class='ocrx_word' id='word_1_319' title='bbox 998 4015 1102 4086; x_wconf 84' lang='lat' dir='ltr'><strong>illam</strong></span> <span class='ocrx_word' id='word_1_320' title='bbox 1122 4013 1366 4095; x_wconf 78' lang='lat' dir='ltr'><strong>sententiam,</strong></span> <span class='ocrx_word' id='word_1_321' title='bbox 1412 4037 1525 4113; x_wconf 88' lang='lat' dir='ltr'><strong>quam</strong></span> <span class='ocrx_word' id='word_1_322' title='bbox 1552 4020 1775 4092; x_wconf 89' lang='lat' dir='ltr'><strong>auctoritate</strong></span> <span class='ocrx_word' id='word_1_323' title='bbox 1806 4023 1987 4094; x_wconf 85' lang='lat' dir='ltr'><strong>recentio-</strong></span> <span class='ocrx_word' id='word_1_324' title='bbox 2040 4065 2050 4078; x_wconf 85' lang='lat'><strong>·</strong></span> <span class='ocrx_word' id='word_1_325' title='bbox 2137 4039 2142 4046; x_wconf 83' lang='lat'><strong>·</strong></span> <span class='ocrx_word' id='word_1_326' title='bbox 2196 3991 2201 3999; x_wconf 31' lang='grc' dir='ltr'>Ι</span> 
     </span>
    </p>
   </div>
   <div class='ocr_carea' id='block_1_14' title="bbox 107 4137 2011 4902">
    <p class='ocr_par' dir='ltr' id='par_1_15' title="bbox 107 4137 2011 4742">
     <span class='ocr_line' id='line_1_31' title="bbox 107 4137 1987 4248; baseline -0.002 -24"><span class='ocrx_word' id='word_1_327' title='bbox 107 4176 109 4187; x_wconf 93' lang='grc'><strong><em>·</em></strong></span> <span class='ocrx_word' id='word_1_328' title='bbox 213 4175 298 4224; x_wconf 87' lang='lat' dir='ltr'><strong>rum</strong></span> <span class='ocrx_word' id='word_1_329' title='bbox 329 4147 568 4248; x_wconf 87' lang='lat' dir='ltr'><strong>quorundam</strong></span> <span class='ocrx_word' id='word_1_330' title='bbox 594 4143 928 4240; x_wconf 88' lang='lat' dir='ltr'><strong>philosophorum</strong></span> <span class='ocrx_word' id='word_1_331' title='bbox 935 4139 1047 4214; x_wconf 91' lang='lat' dir='ltr'><strong>sibi</strong></span> <span class='ocrx_word' id='word_1_332' title='bbox 1029 4141 1177 4237; x_wconf 84' lang='lat' dir='ltr'><strong>imponi</strong></span> <span class='ocrx_word' id='word_1_333' title='bbox 1205 4142 1322 4238; x_wconf 89' lang='lat' dir='ltr'><strong>passus</strong></span> <span class='ocrx_word' id='word_1_334' title='bbox 1354 4137 1429 4236; x_wconf 76' lang='lat' dir='ltr'><strong>eli,</strong></span> <span class='ocrx_word' id='word_1_335' title='bbox 1472 4141 1652 4268; x_wconf 89' lang='lat' dir='ltr'><strong>sipaullo</strong></span> <span class='ocrx_word' id='word_1_336' title='bbox 1680 4150 1890 4222; x_wconf 75' lang='lat' dir='ltr'><strong>accuratius</strong></span> <span class='ocrx_word' id='word_1_337' title='bbox 1909 4151 1987 4246; x_wconf 86' lang='lat' dir='ltr'><strong>ipse</strong></span> 
     </span>
     <span class='ocr_line' id='line_1_32' title="bbox 216 4267 2011 4365; baseline -0.001 -13"><span class='ocrx_word' id='word_1_338' title='bbox 216 4276 453 4352; x_wconf 83' lang='lat' dir='ltr'><strong>examinasset</strong></span> <span class='ocrx_word' id='word_1_339' title='bbox 479 4267 685 4346; x_wconf 84' lang='lat' dir='ltr'><strong>Aristotelis</strong></span> <span class='ocrx_word' id='word_1_340' title='bbox 710 4269 757 4342; x_wconf 78' lang='lat' dir='ltr'><strong>tle</strong></span> <span class='ocrx_word' id='word_1_341' title='bbox 781 4268 960 4342; x_wconf 82' lang='lat' dir='ltr'><strong>servitute</strong></span> <span class='ocrx_word' id='word_1_342' title='bbox 987 4267 1135 4365; x_wconf 87' lang='lat' dir='ltr'><strong>placita.</strong></span> <span class='ocrx_word' id='word_1_343' title='bbox 1196 4271 1354 4342; x_wconf 88' lang='lat' dir='ltr'><strong>Maior</strong></span> <span class='ocrx_word' id='word_1_344' title='bbox 1347 4271 1448 4342; x_wconf 89' lang='lat' dir='ltr'><strong>enim</strong></span> <span class='ocrx_word' id='word_1_345' title='bbox 1474 4273 1633 4362; x_wconf 87' lang='grc' dir='ltr'><strong>ιιιιοιιὶ,</strong></span> <span class='ocrx_word' id='word_1_346' title='bbox 1679 4273 1705 4346; x_wconf 83' lang='lat' dir='ltr'><strong>si</strong></span> <span class='ocrx_word' id='word_1_347' title='bbox 1732 4275 1795 4348; x_wconf 84' lang='lat' dir='ltr'><strong>vel</strong></span> <span class='ocrx_word' id='word_1_348' title='bbox 1820 4277 2011 4360; x_wconf 71' lang='lat' dir='ltr'><strong>maxime,</strong></span> 
     </span>
     <span class='ocr_line' id='line_1_33' title="bbox 218 4383 1986 4542; baseline 0 -64"><span class='ocrx_word' id='word_1_349' title='bbox 218 4405 318 4502; x_wconf 82' lang='lat' dir='ltr'><strong>apud</strong></span> <span class='ocrx_word' id='word_1_350' title='bbox 334 4427 454 4478; x_wconf 89' lang='lat' dir='ltr'><strong>unum</strong></span> <span class='ocrx_word' id='word_1_351' title='bbox 471 4399 675 4497; x_wconf 84' lang='lat' dir='ltr'><strong>reperiatur</strong></span> <span class='ocrx_word' id='word_1_352' title='bbox 692 4395 893 4470; x_wconf 88' lang='lat' dir='ltr'><strong>tribuenda</strong></span> <span class='ocrx_word' id='word_1_353' title='bbox 910 4395 1158 4486; x_wconf 84' lang='lat' dir='ltr'><strong>auctoritas,</strong></span> <span class='ocrx_word' id='word_1_354' title='bbox 1163 4421 1275 4496; x_wconf 84' lang='lat' dir='ltr'><strong>quant</strong></span> <span class='ocrx_word' id='word_1_355' title='bbox 1302 4397 1578 4494; x_wconf 85' lang='lat' dir='ltr'><strong>opinionibus,</strong></span> <span class='ocrx_word' id='word_1_356' title='bbox 1620 4404 1792 4542; x_wconf 83' lang='lat' dir='ltr'><strong>quamvis</strong></span> <span class='ocrx_word' id='word_1_357' title='bbox 1811 4383 1883 4478; x_wconf 84' lang='lat' dir='ltr'><strong>sint</strong></span> <span class='ocrx_word' id='word_1_358' title='bbox 1907 4403 1986 4508; x_wconf 80' lang='lat' dir='ltr'><strong>spe·</strong></span> 
     </span>
     <span class='ocr_line' id='line_1_34' title="bbox 214 4523 1484 4634; baseline -0.017 -24"><span class='ocrx_word' id='word_1_359' title='bbox 214 4533 351 4622; x_wconf 84' lang='lat' dir='ltr'><strong>elosae,</strong></span> <span class='ocrx_word' id='word_1_360' title='bbox 378 4533 513 4606; x_wconf 87' lang='lat' dir='ltr'><strong>doctae</strong></span> <span class='ocrx_word' id='word_1_361' title='bbox 534 4525 854 4634; x_wconf 82' lang='lat' dir='ltr'><strong>philosophorum</strong></span> <span class='ocrx_word' id='word_1_362' title='bbox 874 4523 1019 4598; x_wconf 87' lang='lat' dir='ltr'><strong>turbae</strong></span> <span class='ocrx_word' id='word_1_363' title='bbox 1480 4533 1484 4542; x_wconf 80' lang='grc'><em>“</em></span> 
     </span>
     <span class='ocr_line' id='line_1_35' title="bbox 226 4663 571 4742; baseline -0.023 1"><span class='ocrx_word' id='word_1_364' title='bbox 226 4663 571 4742; x_wconf 55' lang='grc' dir='ltr'><strong>,ζμ-...-</strong></span> 
     </span>
    </p>

    <p class='ocr_par' dir='ltr' id='par_1_16' title="bbox 295 4807 1378 4902">
     <span class='ocr_line' id='line_1_36' title="bbox 295 4807 1378 4902; baseline -0.012 -19"><span class='ocrx_word' id='word_1_365' title='bbox 295 4827 329 4902; x_wconf 71' lang='grc'><strong>4)</strong></span> <span class='ocrx_word' id='word_1_366' title='bbox 351 4807 605 4882; x_wconf 76' lang='lat' dir='ltr'><strong>Haoosnr&#39;iu:</strong></span> <span class='ocrx_word' id='word_1_367' title='bbox 631 4809 826 4878; x_wconf 64' lang='lat' dir='ltr'><strong>&#39;senerata</strong></span> <span class='ocrx_word' id='word_1_368' title='bbox 846 4811 905 4876; x_wconf 71' lang='lat' dir='ltr'><strong>lea</strong></span> <span class='ocrx_word' id='word_1_369' title='bbox 923 4809 1222 4894; x_wconf 16' lang='lat' dir='ltr'><strong>,Naaeurraecarsfq</strong></span> <span class='ocrx_word' id='word_1_370' title='bbox 1244 4826 1316 4889; x_wconf 71' lang='lat' dir='ltr'><strong>¹t1·</strong></span> <span class='ocrx_word' id='word_1_371' title='bbox 1333 4810 1378 4892; x_wconf 80' lang='lat' dir='ltr'><strong>tq.</strong></span> 
     </span>
    </p>
   </div>
   <div class='ocr_carea' id='block_1_15' title="bbox 330 4999 356 5043">
    <p class='ocr_par' dir='ltr' id='par_1_17' title="bbox 330 4999 356 5043">
     <span class='ocr_line' id='line_1_37' title="bbox 330 4999 356 5043; baseline 0 0"><span class='ocrx_word' id='word_1_372' title='bbox 330 4999 356 5043; x_wconf 83' lang='grc' dir='ltr'><strong>ἰ</strong></span> 
     </span>
    </p>
   </div>
   <div class='ocr_carea' id='block_1_16' title="bbox 0 0 2398 5707">
    <p class='ocr_par' dir='ltr' id='par_1_18' title="bbox 0 0 2398 5707">
     <span class='ocr_line' id='line_1_38' title="bbox 0 0 2398 5707; baseline 0 0"><span class='ocrx_word' id='word_1_373' title='bbox 0 0 2398 5707; x_wconf 95' lang='lat' dir='ltr'><strong> </strong></span> 
     </span>
    </p>
   </div>
  </div>
 </body>
</html>
