4788 5702
1156 491 1493 572 -a⁷t··

449 643 545 718 nilla
561 647 743 744 ridentis,
781 655 1102 752 extendentisq'ue
1119 658 1302 734 levatoris
1321 659 1480 758 anguli
1476 657 1553 730 oris
1573 657 1758 768 angulum
1781 653 1983 750 deprimit,
2020 655 2240 740 ficutiIn-

433 775 661 896 ,tereostalis
688 779 777 850 colli
803 763 1200 880 (Platysmamyoides)
1231 775 1444 862 maxillares
1473 785 1590 858 costas
1617 785 1877 878 pectoralibus
1909 783 2139 894 admovens
2173 786 2242 858 de·

437 899 646 1010 trahebat,
681 923 727 976 ut
753 922 858 980 totus
889 917 1132 1008 organismus
1160 915 1347 1008 exspirare
1377 913 1564 984 videatur.
1598 947 1652 970 -ι
1706 911 1842 1002 Neque
1875 927 2004 996 autem
2034 911 2171 982 etiam
2197 912 2242 984 in

420 1133 422 1136 Ι
450 1025 598 1098 laetitia
621 1031 735 1124 plane
763 1033 895 1108 delicit
917 1038 1054 1129 flexio,
1091 1037 1157 1132 (lic
1185 1042 1295 1110 nasus
1323 1055 1516 1110 extremus
1534 1039 1776 1126 incurvatur,
1817 1037 2046 1134 pulmones
2049 1037 2239 1108 ridentes

451 1156 664 1250 exspirant,
696 1162 903 1256 palpebrae
932 1166 1044 1260 saepe
1064 1167 1281 1260 paullulum
1309 1167 1553 1258 connivent),
1590 1164 1644 1234 ita
1670 1177 1713 1232 ut
1737 1161 1813 1234 iam
1833 1162 2022 1235 Cartelius
2047 1163 2240 1235 similitu·

453 1279 582 1354 dinem
602 1285 763 1358 ridentis
783 1313 870 1360 cum
892 1287 1009 1360 flente
1029 1291 1288 1388 intelligeret,
1314 1309 1354 1362 et
1370 1291 1523 1364 fortasse
1543 1314 1627 1362 earn
1641 1289 1696 1359 'ob
1716 1285 1862 1359 causam
1874 1337 1886 1378 ,
1904 1289 2015 1380 'quod
2034 1289 2242 1386 gaudium

452 1409 613 1504 propius
632 1411 843 1513 adsensum
863 1415 1031 1506 accedit,
1072 1417 1251 1508 quemad
1270 1417 1551 1510 appetentiam,
1593 1414 1660 1504 etfi
1680 1413 1855 1510 prolecto
1876 1415 2048 1490 extensio
2073 1417 2129 1488 ob
2150 1387 2237 1520 eius

387 1582 390 1590 ·
442 1537 663 1626 ¹elationem
691 1541 842 1634 semper
871 1535 1092 1636 praevaleat
1117 1543 1264 1612 necesse
1291 1544 1353 1612 est.
1408 1543 1447 1614 Si
1466 1540 1961 1634 laetitiamffetspem'recte
1980 1541 2113 1612 enimi
2135 1541 2239 1612 calo·

456 1687 539 1734 rem
569 1663 760 1756 dicimus,
799 1684 932 1738 contra
959 1667 1163 1738 rectisfime
1187 1670 1358 1739 tristitiae
1386 1683 1425 1738 et
1449 1665 1573 1738 metui
1599 1687 1743 1738 nomen
1765 1665 1918 1786 spigoris
1940 1669 2100 1740 animae
2127 1691 2240 1760 prae·

382 1869 385 1875 .
455 1793 904 1866 bendumesse-videtur.
958 1795 1055 1865 Nam
1078 1795 1136 1866 uti
1156 1795 1278 1894 frigus
1296 1795 1336 1864 in
1355 1793 1598 1890 anorganicis
1617 1791 1769 1861 iamiam
1789 1791 2016 1893 corporibus
2039 1795 2238 1866 maiorem

459 1918 736 1999 cohaesionem¹
751 1919 893 2010 elficit,
932 1917 1043 1990 ficuti
1067 1943 1184 2013 porro
1203 1945 1250 1991 ex
1268 1921 1401 1992 eadem
1421 1921 1508 2018 lege
1531 1919 1572 1988 in
1590 1941 1748 2012 quoque
1775 1919 1996 2016 organismo
2027 1921 2143 1990 latus
2170 1921 2237 1990 sle·

388 2059 392 2074 *
458 2046 584 2120 xionis
598 2060 640 2119 ut
655 2045 841 2116 factorem
860 2025 1100 2116 cohaefionis
1114 2047 1181 2115 seu
1201 2046 1477 2146 contractionis
1501 2043 1734 2116 consensuali
1752 2044 1870 2115 modo
1882 2045 2055 2138 corripit
2077 2061 2121 2115 et
2140 2046 2236 2116 som·

403 2159 413 2178 ’
459 2198 554 2246 num
581 2171 713 2260 essert,
752 2172 805 2242 ita
828 2171 870 2242 in
892 2170 1042 2240 tristitia
1061 2171 1223 2269 frigoris
1250 2171 1420 2266 pronitas
1449 2187 1489 2244 et
1514 2147 1735 2242 universalis
1760 2169 1875 2244 flexio
1899 2159 2054 2266 corpus
2072 2171 2233 2259 invadit,

462 2327 551 2376 cum
579 2313 713 2372 contra
738 2297 884 2371 laetitia
909 2313 1067 2375 auctum
1088 2299 1254 2386 calorem
1274 2299 1364 2368 vel
1354 2321 1394 2367 m
1416 2272 1634 2368 universum
1653 2312 1803 2410 auctam
1825 2298 1996 2390 corporis
2026 2289 2231 2392 expansio·
2269 2385 2274 2391 Ι

460 2453 551 2502 uem
568 2412 761 2524 producit.
810 2424 986 2495 Nutritio
1012 2423 1076 2494 hic
1105 2425 1290 2521 augetur,
1327 2449 1415 2494 cum
1439 2425 1480 2494 in
1503 2423 1652 2494 tristitia
1681 2435 1814 2494 contra
1834 2421 2085 2519 organismus
2109 2423 2230 2520 magis

461 2555 664 2652 magisque
681 2537 839 2622 mundo
845 2551 1039 2624 subiectus
1062 2549 1297 2621 existentiam
1325 2549 1522 2676 propriam
1549 2551 1718 2630 amittat,
1752 2569 1879 2642 usque
1904 2547 1997 2620 dum
2017 2551 2230 2644 colliques-

464 2697 526 2754 cat
542 2705 581 2752 ιιι
599 2677 700 2750 sebar
721 2677 883 2748 hectrca
908 2715 960 2734 -

546 2804 719 2883 Etiamsi
738 2771 937 2900 praeterea
955 2791 1088 2872 multa
1095 2802 1142 2872 de
1165 2755 1276 2874 motu
1294 2801 1451 2874 mimico
1471 2817 1511 2873 et
1526 2799 1611 2874 aliis
1628 2799 1829 2870 affectibus
1847 2799 1964 2873 enimi
1981 2801 2110 2899 magis
2131 2823 2229 2872 com·

224 2953 234 2992 ι
463 2919 596 3037 politis
617 2929 778 3006 dicenda
794 2929 1002 3024 supersint,
1028 2930 1126 3000 haec
1142 2929 1273 2999 saltem
1293 2929 1344 2999 set
1355 2945 1477 2999 erunt
1496 2931 1543 3000 ad
1564 2923 1871 3022 perspiciendum
1887 2928 2140 3021 consensum,
2165 2927 2227 3022 qui

458 3073 566 3142 inter
580 3057 812 3195 homologos
830 3057 1027 3129 musculos
1051 3072 1091 3128 et
1109 3056 1228 3126 animi
1249 3055 1464 3126 errationes
1485 3053 1712 3129 intercedit.

991 3329 1103 3402 ·De
1151 3269 1715 3428 Plrysiogrromice.

736 3579 742 3616 ι
1263 3536 1300 3634 5.
1363 3557 1425 3630 25

559 3623 674 3750 Dum
687 3663 939 3759 hucusque·
928 3663 1116 3778 imagines
1144 3666 1317 3757 corporis
1346 3665 1463 3736 animi
1480 3677 1621 3736 motus,
1630 3663 1909 3760 exprimentes,
1947 3662 2006 3764 sed
2024 3651 2238 3738 transeut

348 3857 351 3864 ι
467 3804 573 3882 tesi.
596 3827 629 3875 e.
655 3798 778 3890 ipsum
796 3809 948 3864 motum
972 3791 1172 3874 mimicum
1199 3789 1453 3877 consideravit
1491 3813 1596 3860 nrrnc
1615 3789 1808 3883 reliquum
1826 3793 1896 3880 est,
1937 3809 1981 3865 ut
2002 3793 2157 3864 easdem
2173 3793 2223 3860 le·

438 3957 535 4034 ‚ges
567 3921 880 4024 physiologicas,
929 3899 1069 4012 quibus
1097 3917 1256 3987 Mimica
1290 3917 1490 4005 innititur,
1530 3918 1571 3986 in
1596 3917 1676 4010 ipsa'
1703 3917 1832 3992 forma
1858 3903 2221 3992 constanterconfit·
2270 3975 2276 3992 .

254 4125 257 4134 ,
367 4125 370 4130 ,
467 4081 601 4134 mem..
655 4051 834 4120 Truncus
862 4057 991 4114 autem
1021 4041 1179 4112 minime
1210 4055 1361 4111 tantum
1392 4041 1567 4134 spiritum
1604 4058 1644 4110 et
1669 4041 1785 4110 vitam
1817 4043 1969 4136 prodit,
2015 4067 2130 4138 quam
2163 4053 2220 4112 'ca-

465 4199 559 4285 pum
586 4197 714 4284 neque
733 4171 876 4268 potest,
907 4189 994 4239 cum
1012 4191 1188 4262 quaeque
1180 4178 1345 4271 pars
1314 4171 1468 4238 suorum
1486 4171 1694 4262 praecipue
1712 4153 1979 4250 intestinorum
2001 4171 2219 4262 qualitatem

466 4313 577 4399 edat,
616 4301 760 4376 tametsi
783 4321 916 4370 omnes
944 4309 1070 4388 partes
1090 4295 1231 4366 iterum
1252 4295 1470 4366 universalis
1490 4296 1691 4366 consensus
1713 4294 1898 4367 vinculo
1888 4310 1989 4368 rotet
2005 4297 2041 4366 se
2064 4297 2233 4368 coniun-

467 4451 620 4539 gantur.
674 4431 776 4522 Ergo
805 4425 944 4521 facies,
979 4435 1194 4515 caputque,
1228 4419 1449 4490 fiauinrum
1479 4445 1525 4490 ex
1549 4421 1674 4492 forma
1703 4421 1875 4514 corporis
1895 4421 2099 4491 enucleare
2117 4417 2218 4488 solu·
2257 4413 2260 4419 ’

464 4586 576 4651 snus,
612 4551 814 4630 certisfima
839 4545 1209 4618 maximii‘irromenti
1226 4546 1267 4614 in
1286 4569 1447 4638 corpore
1466 4561 1552 4640 pars
1573 4559 1707 4634 erunt,
1742 4546 1835 4635 licet
1851 4547 2144 4640 proculdubio,
2180 4553 2222 4608 ut

462 4673 604 4760 uotum
620 4654 717 4772 est,
734 4677 848 4747 etiam
871 4673 958 4744 satis
985 4673 1184 4766 implicita.
1237 4675 1373 4764 Itaque
1400 4667 1514 4744 satius
1542 4672 1615 4740 esse
1641 4670 1794 4741 uidetur
1821 4673 1991 4740 animum
2015 4673 2217 4766 adiungere

376 4778 384 4789 μ
466 4813 593 4912 magis,
617 4807 870 4886 adminutam
898 4799 1011 4872 faciei
1029 4801 1240 4894 picturum,
1275 4821 1388 4892 quam
1410 4797 1456 4870 ad
1472 4799 1704 4866 lineamenta
1725 4797 1875 4897 belgica
1894 4797 2034 4868 trunci.
2088 4799 2214 4866 Forma
