4788 5702
1075 407 1388 528 ,fixio
1429 461 1485 490 ι-

377 615 660 734 immutabili
684 593 795 689 ιιιιιιιι
830 555 894 688 led
924 611 1051 686 etiem
1070 612 1185 686 fecie
1199 615 1457 726 exprimatur,
1486 613 1671 724 retiquae.
1731 619 1841 714 Quae
1865 634 1912 692 ιιι
1935 613 2196 722 reperientur,

377 717 696 824 tantummodo
724 744 847 822 altior
862 719 1109 840 Physiologie
1132 741 1305 836 prodest,
1333 757 1373 812 et
1395 742 1468 842 hac
1496 709 1618 814 ιοιιιιιι
1643 742 1802 819 screntrd
1816 747 1945 844 leges,
1977 753 2147 842 quibus'
2137 779 2196 828 ιιι

426 877 607 948 ιιιιιιιιιιιι
631 871 739 940 haec
748 857 1082 964 phaenomena,
1072 867 1238 940 mveniri
1261 867 1429 964 possunt.
1482 868 1592 952 Illae
1598 869 1881 942 observationes
1905 877 2112 968 empiricae
2129 903 2197 952 ne·

409 1001 523 1104 ‘celle
541 985 618 1102 eit,
641 1013 686 1068 ιιι
706 995 753 1066 ad
771 994 936 1066 maxime
965 943 1199 1066 univerlaiea'
1228 994 1330 1066 ritae
1356 993 1561 1092 organicae
1586 995 1693 1092 leges
1720 995 1922 1089 reductae,
1958 999 2051 1074 inde
2077 1007 2200 1101 expli.

365 1133 566 1204 ''uantur
596 1141 636 1198 et
663 1121 914 1194 deducantur.
968 1121 1095 1224 Leges
1120 1121 1264 1220 igitur,
1302 1143 1398 1214 quur
1424 1119 1564 1220 singuli
1590 1135 1629 1192 et
1656 1116 1785 1226 trunci
1811 1139 1853 1194 et
1876 1124 1991 1198 lariei
2011 1105 2201 1204 motuaiu

430 1249 769 1329 animiaffectibus
794 1249 1030 1340 lequuntur,
1063 1269 1143 1316 non
1168 1247 1469 1342 priusproponi
1496 1249 1608 1339 licet,
1650 1271 1764 1342 quum
1789 1250 1944 1348 cogniti
1965 1252 2200 1352 lingularum
2237 1239 2254 1256 ²

92 1395 96 1409 '
193 1437 197 1444 .
310 1458 314 1467 ,
426 1375 617 1480 partium,
644 1400 742 1492 quae
768 1383 899 1447 motus
924 1369 1124 1467 efficiunt,
1149 1385 1189 1440 et
1215 1371 1239 1440 s
1228 1372 1497 1468 gnrlicatrone
1520 1387 1558 1447 et
1582 1369 1894 1470 metamorpholi.
1946 1379 2201 1460 Enimveroli

245 1485 249 1493 ι
333 1505 337 1512 ’
372 1551 375 1556 -
428 1511 622 1582 lcimuse
646 1527 702 1612 gr.
732 1525 846 1596 quam
864 1497 1025 1568 minime
1050 1493 1199 1566 diverla'
1223 1497 1600 1596 areliquocorpora
1622 1497 1667 1572 fit
1690 1499 1804 1570 faciei
1829 1471 2028 1574 structura
2043 1521 2084 1578 et
2111 1497 2200 1584 cum

358 1669 374 1682 ⁵
428 1623 973 1739 eomaximecomparabilis,
1001 1622 1292 1715 licompertum
1321 1622 1532 1716 habemus,
1568 1623 1613 1692 ad
1634 1640 1818 1718 quasnam
1842 1630 2199 1728 praecipuepartea

427 1757 606 1849 accedat,
641 1765 769 1847 neque
796 1754 837 1822 in
864 1747 1147 1837 confiderandis
1174 1747 1259 1820 eiua
1286 1735 1457 1820 motibus
1485 1764 1601 1848 certa
1610 1765 1756 1872 puncta
1784 1756 2082 1864 comparationis
2107 1759 2200 1832 de'fi·
2304 1805 2310 1814 ·

431 1889 546 1961 cient.
601 1863 840 1978 significatio
860 1867 1251 1982 linguloru'migitur
1241 1843 1390 1944 'faciei
1405 1873 1731 1951 lineamentorum
1755 1878 2024 1954 tantummodo
2045 1905 2199 1981 compa·

429 2016 580 2090 ratione
599 2031 688 2080 cum
705 2003 876 2076 motibus
894 2001 1187 2088 inferioribus,
1202 2021 1300 2091 quos
1315 2016 1521 2094 repetunt,
1548 2002 1791 2095 invenietur,
1809 2023 1861 2077 et
1878 2007 1950 2077 hac
1968 2019 2119 2084 tantum
2138 2013 2199 2084 vit

318 2205 347 2238 ,Ι
376 2164 378 2172 ’
429 2145 497 2216 ille
521 2141 708 2222 Proteus,
742 2129 860 2199 iacies
888 2123 1013 2198 dictus
1040 2141 1185 2196 certam
1221 2125 1413 2201 rationem
1434 2127 1476 2198 in
1499 2129 1613 2200 variis
1638 2133 2013 2246 metamorphosrbus
2045 2139 2197 2232 prodet.

430 2273 565 2362 Usque
586 2263 632 2334 ed
650 2253 874 2351 incipientis
893 2251 1012 2324 iaculi
1033 2267 1187 2346 ternpus
1205 2253 1343 2322 mellae
1363 2269 1402 2324 et
1419 2277 1579 2328 carneae
1596 2257 1634 2326 e't
1653 2257 1775 2326 nileae
1795 2258 1928 2385 capitis
1950 2275 2038 2331 ante
2059 2265 2195 2339 oculor

422 2379 879 2495 ‚politaeiecebantquali
890 2379 995 2457 rudia
1005 2391 1048 2450 et
1058 2367 1388 2476 mdrgaltamolec,
1409 2381 1520 2452 cuius
1537 2371 1901 2490 automrticimotus
1915 2400 2031 2478 atque
2047 2385 2195 2464 formae

258 2551 273 2564 ι
330 2517 669 2614 f,‚muluplrces
687 2525 727 2580 et
744 2507 945 2578 rntrrcatae
960 2527 1043 2586 non
1068 2503 1513 2598 comprehendebantur
1568 2511 1729 2581 Larater
1751 2509 1931 2628 quidem,
1956 2511 2199 2606 aliiqueari-

289 2709 292 2722 .
342 2635 344 2640 ’
399 2650 571 2728 denter
588 2663 631 2710 m
647 2661 699 2712 eo
714 2633 911 2730 speculum
929 2630 1352 2730 maritimarumque
1368 2633 1671 2728 perlprcrebant,
1699 2635 2196 2734 atimpotentiaPhyliolo·
2221 2641 2226 2658 ‘

434 2775 528 2892 gire
546 2767 629 2840 eius
649 2760 836 2856 temporis
863 2759 1041 2835 tenebras
1069 2755 1269 2830 dillolvere
1297 2757 1402 2828 haud
1427 2757 1579 2854 potuit,
1613 2759 1692 2830 imo
1721 2759 1837 2854 ipfius
1866 2765 1995 2834 trunci
2020 2781 2198 2842 motuum

434 2909 669 2980 concentus,
698 2886 826 2984 quoad
844 2885 1056 2974 Mimicen,
1085 2897 1272 2977 quantum
1297 2907 1373 2981 ego
1391 2884 1491 2976 lclo,
1515 2883 1747 2980 hucusque
1737 2903 1902 2960 rutactus
1922 2890 2024 2971 inter
2043 2892 2199 2988 Phyliu-
2229 2957 2241 2982 „

431 3031 546 3124 logos
565 3015 696 3091 racurt
749 3011 904 3087 Etramli
923 3035 1028 3080 eorm
1049 3028 1133 3080 etur
1152 3025 1283 3081 motus
1308 3025 1351 3080 et
1367 3025 1518 3106 partes,
1552 3035 1649 3105 qnae
1672 3029 1832 3085 movent
1841 3015 2050 3114 lingulae
2069 3025 2200 3120 cogor

341 3182 376 3244 ῃ
433 3149 649 3234 taeerant,
674 3155 805 3212 tamen
831 3137 1046 3228 rationem,
1072 3159 1214 3229 exque
1238 3137 1280 3207 in
1297 3135 1412 3207 certia
1438 3138 1557 3210 aninii
1589 3139 1995 3232 mentisquemotibus
2014 3166 2199 3238 provoca·
2286 3211 2293 3226 .

433 3278 589 3364 rentur,
624 3263 784 3340 exclufis
804 3261 1067 3359 Phyliologis,
1094 3277 1252 3334 tanturn
1273 3285 1379 3334 mere
1396 3263 1505 3358 phile
1509 3262 1619 3362 lophi
1637 3265 1841 3336 maximam
1860 3283 2008 3365 partem
2019 3267 2200 3367 inquira-

400 3409 404 3419 '
433 3409 548 3494 bant,
572 3395 661 3492 qui,
689 3389 964 3490 phyfiologicis
990 3365 1141 3486 legibus
1166 3403 1206 3458 et
1223 3389 1442 3486 Organismi
1470 3389 1769 3484 metamorpholi
1791 3375 1896 3462 lraud
1924 3397 2127 3510 respectis,
2153 3405 2201 3476 ad

407 3503 531 3606 ''tolas
558 3523 728 3648 ipsorum
753 3517 904 3587 mentis
920 3513 1064 3612 leges
1052 3535 1095 3583 m
1117 3511 1346 3615 explicando
1373 3515 1666 3614 confugiebant.
1721 3521 1890 3614 Quum
1879 3537 2010 3615 rtaque
2034 3501 2168 3600 mihi'
2156 3553 2199 3604 ru

315 3645 321 3656 ’
434 3637 592 3734 consilio
610 3647 676 3740 lit,
701 3661 853 3738 motum
860 3641 1077 3736 praecipue
1094 3641 1141 3712 ad
1158 3641 1349 3714 Mimicen
1364 3657 1406 3714 et
1421 3639 1772 3740 Phyfiognomicen
1790 3643 2082 3719 confiderare
2048 3670 2088 3723 et
2102 3655 2200 3752 phy.

341 3875 346 3882 ¹
434 3779 635 3880 liologicas
651 3776 758 3872 leges
777 3793 984 3865 quaerere,
1015 3769 1154 3864 procul
1177 3767 1320 3856 dubio,
1343 3779 1550 3860 antequam
1579 3769 1626 3838 ed
1645 3769 1939 3864 explicationem
1959 3776 2201 3876 lingularum

422 3907 549 3982 ‘faciei
564 3897 890 3975 lineamentorum
908 3911 948 3972 et
967 3909 1150 3968 motuum
1162 3891 1290 3964 trunci
1315 3891 1496 3964 inanimi
1514 3893 1713 3966 affectibus
1737 3919 1800 3967 me
1821 3899 2004 3999 accingo,
2031 3903 2202 3999 primum

357 4037 367 4046 '
425 4023 755 4134 'metamorphosis
773 4021 930 4095 iltoru'm
946 4012 1180 4122 organorum
1197 4017 1442 4096 moventium
1458 4015 1626 4092 examini
1636 4021 1878 4100 subiicienda
1894 4043 1933 4098 et
1950 4033 2202 4122 praemitten-

414 4141 415 4144 Ἴ
425 4160 663 4256 deridetur.
716 4151 950 4226 Brevitatem
967 4149 1173 4249 utriusque
1189 4145 1324 4242 capitia
1342 4145 1460 4220 huius
1472 4145 1608 4248 scripti
1630 4145 1849 4246 delliuatio,
1875 4153 2202 4251 inperfectionem

338 4257 355 4281 Ι
393 4280 398 4288 ’
416 4285 597 4398 'materia
613 4285 693 4385 ipla
711 4279 957 4356 excusabunt
