4672 5706
885 489 955 535 'u-
1029 461 1104 564 adi
1182 505 1236 540 .-

1471 687 1483 720 ἱ

753 717 784 794 1.
837 717 988 794 Pars
1030 711 1397 806 anatomiam·
1505 820 1525 836 ρ
1584 821 1594 832 ,

998 905 1038 992 §.
1106 924 1174 976 ι.

251 1025 504 1116 Polaritatis
524 1029 612 1117 lex,
640 1027 784 1102 temet-fr
810 1055 878 1124 per
898 1051 1032 1120 omncs
1051 1028 1150 1110 ,vitae
1168 929 1358 1126 procellas
1378 989 1525 1125 ριιὲιι,
1563 1025 1753 1107 clarillime
1774 1037 1929 1112 tamen
1917 1063 1960 1114 ιιι
1984 1027 1987 1032 ’

190 1173 300 1232 motu
318 1179 519 1253 corporum
542 1157 721 1248 obvenit,
747 1158 852 1233 unde
871 1155 1034 1246 factum,
1072 1173 1116 1230 ut
1134 1157 1354 1252 praecipue,
1389 1155 1529 1256 quibus
1549 1163 1732 1258 generalis
1748 1168 1961 1264 antagonia·
1999 1135 2004 1158 ι

188 1297 275 1360 mus
300 1285 601 1381 exprimebatur,
636 1285 817 1380 Symbola
838 1309 856 1358 a
879 1281 1007 1358 motus
1032 1283 1232 1382 polaritate
1257 1281 1576 1380 depromerentur.
1629 1291 1856 1398 organicum
1879 1320 1961 1370 mo·

191 1425 273 1493 tum
291 1411 610 1488 considerantibus
629 1412 742 1486 nobis
760 1412 901 1486 idem'
890 1437 931 1484 ιιι
951 1411 1145 1486 movendo
1165 1413 1456 1511 antagonismus
1480 1415 1521 1488 in
1540 1413 1755 1509 primordiis
1773 1422 1885 1526 huius
1905 1447 1959 1496 re·
2019 1437 2024 1455 ¹
2045 1477 2050 1484 .

111 1611 115 1620 ,
192 1542 260 1640 gui
285 1517 437 1614 obviam
466 1542 592 1630 veuit,
628 1565 705 1640 quo
731 1540 954 1638 anorganioa
980 1540 1134 1612 lantiam
1152 1557 1333 1625 utuntur;
1371 1559 1451 1615 tota
1472 1541 1573 1614 enim
1601 1543 1708 1617 malla
1736 1519 1959 1626 inferiorum
2069 1563 2077 1572 '

193 1667 414 1740 auinmlium
432 1671 651 1765 homogeno
669 1691 783 1739 muco
803 1686 841 1736 et
859 1668 1021 1762 gelatina
1041 1663 1212 1738 constans
1230 1665 1421 1760 duplicem
1438 1689 1586 1744 motum
1608 1673 1771 1764 exhibet,
1799 1679 1960 1753 alterum

190 1795 231 1864 in
249 1793 479 1890 semetipsam
504 1792 721 1866 conversum
750 1791 992 1884 (neutralem,
1031 1767 1306 1864 contractivum
1337 1795 1448 1888 etc.,)
1480 1798 1642 1870 alterum
1670 1819 1823 1876 externa
1851 1806 1962 1900 respi-

99 1905 102 1914 ’
191 1921 364 1994 cientem
387 1919 716 2014 (periphericum,
745 1916 999 2011 expanfivum
1019 1920 1128 2016 etc),
1171 1935 1254 1994 tote
1278 1919 1387 1994 malla
1412 1923 1648 2012 contrahitur
1640 1927 1984 2026 expanditurve,.

191 2048 353 2144 propriis
371 2047 511 2120 scilicet
529 2048 679 2147 organis
698 2045 873 2124 natatoriis
900 2045 1074 2117 nondum
1103 2041 1357 2118 existentibus.
1411 2051 1536 2120 Partes
1555 2049 1604 2122 ad
1628 2055 1861 2130 movendum
1879 2081 1960 2132 cor·
2048 2057 2051 2068 ’

161 2155 169 2164 ”
192 2201 264 2272 pus
283 2177 465 2282 ¹propriae
482 2175 509 2248 fi
529 2178 771 2257 exoriuntur,
798 2175 977 2274 linearem
1001 2171 1189 2267 imprimis
1210 2179 1347 2268 petant
1367 2151 1550 2264 formam,
1586 2201 1723 2274 nempe
1740 2183 1962 2259 Extremita·
2019 2253 2023 2258 .

195 2326 277 2378 rum
297 2301 529 2377 etfibrarum'
549 2301 832 2396 muscularium,
860 2317 904 2372 ιιι
924 2301 1094 2372 altiorem
1111 2296 1454 2396 metamorpholrn
1449 2301 1593 2376 formae
1610 2323 1853 2400 punctorum
1883 2316 1963 2408 qui·
2000 2279 2006 2286 ,
2050 2407 2056 2414 ¹

196 2435 266 2507 bus
291 2433 419 2504 omnis
439 2427 616 2502 inferiora
635 2430 807 2504 animalia
826 2423 1007 2500 constant.
1058 2427 1197 2502 Dum'
1185 2453 1238 2498 ιιι
1242 2425 1422 2502 intestino
1440 2429 1523 2506 vala
1542 2437 1720 2506 oriuntur
1739 2434 1961 2536 sangrtifera,

174 2655 176 2666 Ι
195 2581 327 2638 eontra
342 2564 386 2632 iu
404 2577 489 2631 cute
507 2557 706 2652 praecipue
724 2555 953 2630 musculares
973 2553 1087 2626 fibrae
1112 2551 1212 2652 quasr
1236 2555 1389 2629 arteriae
1407 2575 1586 2633 cucaneae
1604 2578 1852 2654 enascuntur,
1880 2557 1972 2643 non'

196 2687 297 2792 quali
315 2686 582 2786 productiones
609 2684 825 2758 arteriarum
842 2699 882 2770 et
896 2679 1097 2776 systematis
1123 2680 1322 2782 [anguiferi
1344 2681 1446 2773 sent,
1471 2685 1532 2760 sed
1552 2691 1680 2782 potius
1705 2713 1831 2762 earum
1861 2715 1963 2789 repe·

166 2887 169 2896 .
198 2821 354 2896 titiones
369 2819 411 2889 in
431 2832 528 2888 cute.
579 2811 735 2886 lltiamfi
755 2809 855 2886 enim
876 2813 1073 2907 hucusque
1091 2827 1197 2908 certo
1214 2809 1388 2884 nondum
1407 2811 1571 2912 liqueat,
1599 2833 1727 2890 utrum
1745 2813 1964 2915 lingulisfi·

199 2946 274 3022 b'ris
301 2945 442 3020 canalia'
466 2962 509 3014 ut
534 2939 627 3014 cales
652 2939 758 3030 infit,
796 2961 865 3014 nec
884 2959 954 3027 ne,
991 2956 1116 3034 tamen
1134 2938 1330 3010 Trevireni
1350 2942 1381 3034 ¹)
1399 2924 1677 3016 observationes
1693 2949 1963 3036 annuunt-,iis

201 3078 390 3176 quoddam
408 3071 519 3144 inelle
536 3067 716 3158 fluidum„
751 3055 859 3166 quod
873 3067 1084 3165 gelatinam'
1100 3065 1169 3138 elle
1188 3061 1403 3172 existumat,
1432 3093 1513 3166 qua
1540 3093 1605 3164 per
1623 3092 1825 3142 nervorum
1851 3076 1965 3148 actio·

200 3233 285 3280 nem
304 3199 499 3300 coagulata
518 3199 713 3306 musculus
732 3197 989 3296 οοιιιιιιιιιιιιιιι1
1038 3199 1172 3291 Neque
1194 3191 1267 3266 erit
1282 3213 1408 3283 certo,
1436 3197 1502 3292 qui
1521 3195 1725 3269 chenricam
1743 3197 1784 3267 in
1805 3203 1964 3274 actioni·

202 3337 272 3408 bus
295 3328 570 3404 muscularibua
598 3325 849 3402 mutationem
872 3324 1044 3396 musculi
1067 3323 1277 3420 negaverit,
1304 3345 1393 3395 oum
1419 3323 1546 3396 omnis
1574 3315 1649 3397 vi'ta
1678 3327 1855 3422 organica
1881 3331 1964 3402 che-
2075 3409 2082 3420 ,

115 3495 125 3502 ·
202 3465 300 3536 ruico
320 3445 473 3558 qnoque
492 3441 609 3526 modo
628 3469 732 3548 agat3
759 3469 799 3522 at
822 3445 936 3522 nostri
952 3449 1066 3520 seculi
1085 3425 1241 3520 chemici
1258 3447 1472 3560 non'facilo
1494 3467 1729 3524 contractum
1746 3456 1964 3532 musculum

202 3591 250 3662 ab
268 3583 430 3684 expanso
452 3577 694 3654 discreverint
710 3579 985 3655 elementorum
1005 3571 1223 3648 diversrta'te.

962 3779 965 3785 .
1018 3701 1052 3790 §-
1118 3725 1151 3772 ι·
1171 3739 1188 3764 ³

305 3843 353 3913 Si
368 3829 664 3931 limpliciffimam
688 3808 899 3925 polaritatis
926 3829 1149 3903 muscularis
1175 3824 1376 3900 forman'r
1360 3847 1401 3930 ιιι
1430 3840 1554 3900 tractu
1578 3817 1781 3902 intestinali
1808 3849 1845 3907 et
1871 3836 1963 3916 vafra

204 3963 441 4075 sanguiferis
442 3961 670 4047 confideres,
697 3961 874 4030 linearem
901 3975 939 4029 et
962 3925 1187 4053 sphaericam
1212 3955 1338 4044 vides,-
1374 3977 1509 4051 nempe
1536 3947 1647 4028 fibras
1670 3955 1969 4068 longitudinales

206 4119 243 4174 et
260 4096 458 4170 circulares
484 4089 769 4183 (Sphincteres)
799 4081 994 4182 Quorum
1020 4083 1108 4156 illae
1134 4081 1332 4178 praecipue
1350 4084 1391 4154 in
1410 4105 1483 4154 ano
1503 4099 1571 4152 etc.
1595 4081 1786 4155 evidenter
1801 4093 1966 4191 Antago·

95 4307 100 4314 ⁸
206 4223 321 4300 nrltae
321 4223 590 4316 sphrncterurn
611 4216 695 4286 sunt
714 4231 751 4284 et
769 4229 933 4305 partem
960 4211 1000 4282 in
1027 4235 1099 4306 qua
1123 4228 1371 4298 enascuntur,
1407 4207 1617 4302 expandere
1647 4209 1840 4304 videntur,
1878 4219 1964 4298 oum'

209 4341 336 4442 contra
358 4349 592 4458 Splrincteres
613 4339 909 4414 contractionem
929 4333 1091 4409 intestini
1111 4335 1283 4410 efficiant.
1333 4330 1443 4408 Unde
1463 4357 1624 4430 pronum
1644 4329 1713 4424 est,
1738 4333 1964 4442 intelligere,

208 4487 312 4570 illa‘s,
341 4479 470 4551 ficum
490 4467 677 4545 anrnralr
672 4461 849 4562 stemate
868 4465 1071 4538 muscularr
1089 4463 1259 4552 confers
1296 4460 1587 4559 quodammodo
1597 4457 1863 4545 Extensorrbus
1883 4493 1966 4565 eac,

210 4617 279 4685 lros
301 4625 430 4682 contra
446 4600 668 4676 Flexoribus
689 4617 759 4692 etc.
779 4595 1008 4696 lrornologos
1027 4589 1107 4668 elle.
1163 4591 1311 4690 Quod
1301 4617 1341 4662 ιιι
1362 4579 1561 4686 iutellinu
1566 4589 1854 4690 longitudinalis
1873 4599 1967 4678 fibra

222 4780 541 4820 m

178 4981 182 4990 .
302 4899 330 4973 a)
354 4891 557 4954 Trevirsnut
575 4885 739 4968 Biologie,
763 4885 821 4946 Bal.
839 4897 868 4962 5.
974 4871 976 4877 ’
