4786 5708
976 461 979 474 ,
1094 399 1148 420 -
1223 373 1303 466 ιιι
1379 395 1433 420 -·

382 551 487 625 tertia
519 535 679 650 quadam
709 571 824 648 eaque
851 529 1076 664 iis-fortiori
1100 565 1138 622 et
1162 551 1436 624 vehementiori
1463 547 1709 627 secernantur.
1763 557 1865 654 Quae
1891 551 2073 630 sententie
2099 517 2171 634 eo,
2253 563 2259 570 '

291 781 296 786 1
379 681 581 766 refutatur,
610 679 712 776 quod
733 679 839 750 tertia
858 675 1076 764 substantie,
1105 683 1191 750 eu'm
1208 676 1378 772 opposita
1397 681 1565 752 alterutri
1584 683 1789 780 cogitatur,
1821 669 1901 756 non
1922 683 1989 757 nisi
2010 713 2049 758 ea
2068 688 2145 780 ipsa

258 797 270 808 ’
346 851 349 856 ·
373 807 446 882 ‘elle
464 805 595 902 possit,
626 829 720 902 quae
740 797 848 878 alte'ri
866 803 1034 901 opposita
1051 803 1094 878 stt
1106 833 1117 888 ι
1146 831 1232 876 nam
1253 807 1381 894 tertia,
1420 805 1677 902 quaeduabus
1706 813 1765 883 his
1786 811 2012 907 oppositate
2033 815 2079 884 ab
2098 815 2145 884 iis

380 933 491 1008 simul
509 935 651 1006 diversa
672 932 735 1022 stt,
763 935 921 1032 cogitari
938 957 1016 1004 ιιοιι
1039 929 1167 1027 potest.
1222 933 1385 1006 Alterem
1406 935 1624 1008 sententiam
1642 937 1738 1010 nihil
1757 940 1849 1012 inse
1869 941 2016 1027 habere,
2044 941 2147 1038 quod

305 1104 310 1112 ·
380 1063 447 1138 fibi
475 1063 702 1150 adversetur,
740 1057 858 1134 statim
887 1057 1161 1136 demonstrabo.
1217 1052 1383 1168 Cog'itari
1410 1063 1509 1134 enim
1541 1063 1688 1158 possunt
1714 1044 1930 1139 substantiae
1958 1069 2056 1142 duae
2080 1066 2148 1140 sibi

349 1269 358 1276 ,
379 1189 631 1290 oppositaeac
651 1189 756 1261 tortia
777 1187 1021 1260 facultatibus
1041 1189 1192 1262 alterius
1214 1189 1352 1282 prioris
1380 1187 1576 1278 instructa,
1610 1215 1704 1287 quae
1725 1193 1840 1264 etiam
1858 1195 1941 1268 aliis
1961 1213 2147 1291 praeterea

382 1322 524 1430 viribus
545 1319 725 1418 gaudeat,
755 1339 851 1413 quae
871 1313 1066 1410 posteriori
1087 1315 1344 1390 adversentur:
1383 1317 1538 1415 fierique
1558 1313 1673 1416 igitur
1689 1318 1829 1414 potest,
1866 1343 1910 1396 ut
1925 1324 2055 1394 tertiae
2076 1297 2148 1418 ope

380 1448 562 1548 posterior
588 1472 607 1518 a
635 1446 751 1541 priori
777 1443 1013 1516 secernatur·
1052 1451 1155 1542 Quae
1177 1443 1235 1516 his
1260 1443 1507 1518 refellunture
1544 1449 1856 1522 coniunctionem
1879 1451 1944 1522 has
1973 1469 2048 1523 tres
2068 1445 2148 1522 sub·

382 1579 531 1654 stantias
548 1573 611 1648 etsi
628 1598 740 1646 nemo
756 1573 901 1680 negarit
919 1573 1013 1642 inire
1033 1571 1153 1668 polle,
1196 1590 1321 1644 tamen
1342 1597 1418 1668 quo
1440 1576 1563 1646 minus
1587 1565 1716 1646 tertiae
1733 1575 1873 1648 auxilio
1894 1576 2044 1651 secretio
2062 1579 2150 1649 dua·

268 1708 271 1716 ’
384 1707 570 1792 rutulius,
598 1704 636 1774 id
657 1701 826 1788 cohibet,
855 1697 1107 1796 quodtertiae
1128 1725 1188 1785 ea,
1227 1723 1297 1793 qua
1319 1701 1395 1771 illis
1418 1701 1652 1798 adiungitur,
1676 1705 1732 1776 vis
1751 1726 1830 1774 nou
1848 1701 1913 1774 nili
1933 1730 1993 1780 eas
2015 1709 2150 1798 prioris

388 1839 583 1908 facultates
605 1833 784 1927 attingat,
819 1845 913 1924 quae
932 1824 1122 1920 posteriori
1142 1851 1223 1898 non
1239 1846 1495 1920 opponantur.
1549 1821 1706 1902 Duabus
1729 1831 1788 1900 his
1808 1825 2016 1929 argumenti
2035 1835 2151 1927 expli·

387 1963 497 2037 candi
511 1959 723 2034 rationibus
742 1955 890 2028 sortiter
907 1955 1068 2042 reiectis,
1085 1953 1130 2026 de
1143 1959 1251 2026 tertia
1269 1955 1534 2050 inquirendum
1554 1953 1615 2045 est,
1627 1981 1718 2028 nunt
1738 1959 1865 2052 potior
1875 1961 1957 2034 lllis
1971 1961 2149 2034 videatur.

1186 2077 1261 2172 θ’.
1286 2107 1347 2156 ao.

340 2305 344 2312 Ι
491 2225 593 2348 Qirae
618 2215 724 2310 supra
750 2211 795 2300 de
821 2181 1109 2286 substantiarum
1144 2207 1330 2284 solutione
1359 2231 1537 2310 tanquam
1568 2213 1614 2284 de
1641 2214 1832 2286 necessaria
1854 2207 2020 2288 cuiusvis
2043 2217 2152 2308 phae-

337 2401 341 2408 -
387 2343 544 2422 numeni
561 2301 729 2416 olremioi
754 2340 975 2412 conditione
1006 2335 1224 2426 statuimus
1260 2363 1339 2410 nun
1360 2357 1411 2411 tta
1431 2342 1595 2438 satelltes
1617 2361 1786 2436 oportet
1826 2333 2151 2416 acsrsubstantiae

291 2565 304 2574 .
339 2454 365 2470 ι’
390 2465 529 2550 solutae
560 2471 716 2545 eandem
740 2469 955 2578 generalem
986 2466 1184 2576 solutionis
1211 2485 1398 2538 naturam
1410 2487 1446 2539 et
1473 2467 1641 2540 habitum
1666 2467 1765 2565 quast
1787 2464 1978 2543 omnibus
1985 2497 2154 2544 commu·

389 2631 477 2678 nem
508 2601 679 2674 induant.
742 2601 853 2680 Nem
871 2591 1067 2668 substantia
1096 2595 1247 2692 quaevis
1270 2611 1423 2690 propter
1440 2596 1607 2667 innatam
1628 2593 1741 2692 ipsius
1762 2617 1930 2672 naturam
1952 2601 2153 2694 propriam,

390 2737 482 2808 lieet
507 2731 648 2815 soluta,
686 2743 811 2798 tamen
842 2711 1013 2798 natura'm
1040 2713 1156 2812 hano,
1192 2747 1263 2819 qua
1284 2721 1329 2794 ab
1346 2724 1433 2796 alus
1448 2725 1692 2810 discernitur,
1730 2723 1909 2824 denegare
1927 2729 2074 2822 prorsus
2092 2753 2159 2802 ne

269 2881 296 2914 ·'
394 2862 497 2963 quit,
534 2855 594 2930 sed
622 2853 745 2926 ubivis
772 2850 968 2925 retinebit.
989 2835 1113 2922 unde
1139 2849 1243 2924 fitur
1269 2851 1381 2924 altera
1408 2847 1605 2924 substantia
1628 2850 1812 2924 fluiditate
1839 2857 1992 2926 alteram
2017 2857 2155 2930 minori

305 3067 317 3096 1,
394 3010 459 3064 aut
482 2985 614 3060 maiori
641 2981 796 3076 superet.
849 2981 975 3054 Marus
993 2999 1105 3050 enam
1125 2997 1206 3052 tum
1228 2997 1298 3050 ent
1312 2975 1595 3051 substantrarum
1616 2977 1830 3070 discrimen
1868 3007 1953 3054 oum
1972 2985 2010 3054 td
2029 3009 2199 3090 earupr⁸

279 3144 282 3163 ·
327 3111 336 3119 ’
394 3123 535 3220 genus,
576 3112 720 3206 dequo
747 3107 853 3200 supra
878 3107 1062 3194 diximus,
1098 3105 1317 3192 misceatur,
1353 3131 1511 3202 quarum
1532 3109 1643 3178 altera
1663 3109 1799 3195 fluida,
1838 3111 1986 3182 alteras
1969 3113 2156 3186 solidasit.

396 3257 474 3321 lam
500 3244 614 3342 igitur
640 3261 728 3310 curn
751 3229 1160 3336 demonstraverimus,
1184 3233 1351 3304 alterutri
1376 3231 1657 3308 substantiarum
1680 3233 1964 3310 coniuncturum
1983 3251 2156 3313 nafftrnam

394 3373 548 3448 maioris
578 3384 641 3440 aut
667 3362 892 3438 intentionis
916 3377 981 3432 aut
986 3328 1238 3432 extensionis
1263 3359 1392 3452 inesse,
1427 3363 1622 3457 utriusque
1650 3381 1775 3436 autern
1796 3367 2024 3459 particulas
2013 3393 2052 3440 ιιι
2072 3391 2159 3442 actu

396 3503 678 3578 coniunctionis
699 3509 883 3589 quantum
904 3489 949 3560 ad
969 3511 1097 3560 earum
1117 3505 1291 3560 naturam
1312 3486 1513 3577 assimilari
1542 3515 1618 3586 quo
1619 3489 1720 3578 liat
1751 3513 1792 3562 ut
1813 3513 2005 3590 utriusque
2025 3493 2201 3588 natura]

394 3635 436 3707 in
453 3627 587 3704 statum
607 3647 627 3694 a
647 3621 713 3694 fibi
722 3595 885 3716 ‘proprio
907 3619 1070 3688 alienum
1093 3635 1268 3714 cogatur,
1307 3642 1349 3688 ac
1365 3617 1519 3714 eogitari
1537 3619 1697 3716 den-ique
1718 3619 1815 3713 posse
1834 3626 1979 3692 tertiam
1998 3601 2160 3714 solislun-

314 3739 319 3746 ⁵
373 3843 375 3848 ¹
399 3761 489 3832 tiam
520 3743 662 3826 viribus
682 3750 726 3848 ab
747 3749 925 3818 alterutra
948 3743 1179 3839 oppositam,
1216 3765 1311 3841 quae
1332 3765 1514 3841 quantum
1536 3747 1579 3816 ud
1602 3767 1770 3852 naturam
1791 3751 1985 3844 utriusque
2002 3729 2161 3826 substan·

340 3959 344 3968 ,
399 3891 473 3962 tiae
499 3879 726 3956 estenstvam
749 3874 915 3948 medium
942 3873 1131 3969 quendam
1155 3871 1382 3945 extensionis
1409 3859 1539 3970 [saturn
1566 3873 1676 3946 firuul
1702 3875 1887 3962 obtineat,
1924 3879 2089 3978 sequitur
2117 3905 2160 3956 ut

400 4019 557 4112 duarum
585 4003 870 4096 substantiarum
895 4013 987 4076 oum
1012 4001 1119 4072 tertia
1148 4000 1213 4070 illa
1241 4019 1394 4096 propter
1418 3997 1629 4072 finriliorem
1658 4021 1694 4072 et
1724 4003 1868 4081 allinem
1891 3993 1969 4078 eius
1989 4032 2161 4104 naturam

400 4147 500 4220 ooire
523 4135 717 4212 necessario
736 4127 940 4230 praeferat,
954 4187 961 4192 .
977 4151 1087 4227 quam
1108 4152 1193 4198 cunr
1213 4131 1347 4216 altera,
1385 4154 1499 4224 quam
1519 4151 1671 4224 propter
1690 4134 1806 4228 magis
1825 4105 2063 4208 adversariam
2082 4141 2162 4213 eius

280 4307 288 4324 ι
400 4293 573 4350 naturam
600 4261 749 4364 deseret.
803 4266 912 4336 Hanc
939 4283 1060 4336 meam
1086 4255 1329 4344 sententiam,
1374 4281 1468 4352 quae
1498 4279 1628 4330 vereor
1655 4283 1702 4330 ne
1732 4261 1844 4332 nimis
1870 4262 2074 4338 obscuret
2103 4257 2163 4340 m'e

380 4353 547 4501 *prolata
572 4393 638 4466 elle
654 4391 855 4494 nonnullis
869 4387 1060 4472 videatur,
1098 4385 1337 4480 sequentibus
1354 4381 1555 4458 illustrabo.
1609 4391 1706 4457 Cum
1727 4389 1836 4486 fingis
1859 4411 1931 4462 tres
1947 4390 2163 4476 substantias

372 4505 557 4604 'fluidas
587 4513 1004 4620 quarumAextensror
1021 4511 1065 4586 fit
1082 4521 1255 4611 quamB
1278 4519 1450 4586 Cautenr
1467 4513 1592 4611 quoad
1610 4515 1864 4590 esttrrfionrru
1885 4521 2075 4592 medium
2065 4543 2164 4594 inter

352 4674 602 4754 utramque
627 4643 863 4720 subllantiam
887 4639 1020 4716 statum
1040 4642 1209 4714 obtinere
1229 4641 1412 4758 simulque
1434 4639 1654 4714 substantiae
1676 4652 1704 4714 B
1724 4673 1770 4748 ιιι
1786 4647 1937 4718 adtmso
1955 4640 2164 4743 oppositum

403 4783 499 4876 effe,
528 4778 695 4879 sequitur
721 4773 965 4874 propterea,
1001 4795 1095 4872 quae
1121 4771 1238 4846 morlo
1265 4772 1518 4866 protulimus,
1555 4741 1826 4863 sescentae,
1870 4782 2168 4876 Aauteurquod
