4788 5702
850 463 998 551 ...-
1066 411 1152 518 ‘ira
1230 396 1284 486 2-

209 605 360 713 stupor.
412 615 535 686 Ambo
558 611 661 686 enim
683 585 795 684 inter
816 611 854 682 se
880 612 1082 706 expanfir‘a
1107 613 1322 693 directione
1342 604 1593 686 contremunt
1646 597 1790 706 Stupor
1811 633 1997 710 magnum
2098 597 2104 604 ¹

223 743 315 834 quid
334 765 469 836 capere
486 741 618 812 studet·
628 755 668 814 et
692 740 733 810 in
752 745 800 809 eo'
831 739 1051 832 appetendo
1070 739 1220 810 animus
1243 739 1388 810 defixus
1409 741 1546 838 riget.
1574 741 1642 812 Est
1657 739 1761 834 quali
1781 737 1987 812 altaauimi
2072 769 2073 772 ¹

196 865 419 962 inspiratio
443 879 606 938 retenta
668 869 804 938 Motus
837 886 931 960 ergo
953 865 1080 965 totius
1108 866 1290 958 corporis
1308 865 1615 960 inspirationem,
1652 863 1991 958 extensionemque

222 989 372 1080 offeret.
426 993 522 1064 Inda
549 993 701 1080 evenit,
736 1005 781 1060 ut
806 1011 947 1082 corpus
979 987 1289 1062 elevetur‘stcuti
1308 989 1349 1058 in
1373 993 1465 1084 spe,
1500 995 1636 1085 pectus
1662 991 1919 1084 expandatur,
1948 1006 1992 1062 ut
2056 1017 2061 1024 ·

218 1142 336 1212 porro
355 1119 511 1190 brachia
537 1141 619 1190 non
643 1111 767 1190 solum
785 1110 827 1184 in
853 1115 1020 1188 humero
1048 1115 1306 1206 extendantur
1322 1133 1361 1187 et
1381 1119 1585 1200 retrorsum
1605 1118 1832 1206 trahantur,
1851 1141 1987 1187 verum

174 1270 182 1280 ·
215 1244 284 1338 ipsi
312 1245 423 1342 digiti
455 1235 758 1337 (Abductoribus
781 1241 806 1313 i.
830 1265 862 1314 e.
883 1230 1157 1349 Extensor'ibus
1185 1243 1406 1340 agentibus)
1445 1243 1728 1348 distendantur,
1763 1257 1807 1312 ut
1835 1258 1986 1314 taceam

218 1371 351 1464 capitis
370 1386 545 1460 motum,
581 1369 685 1462 quod
702 1367 840 1438 eodem
867 1367 1051 1463 consensu
1080 1386 1303 1462 correptum
1320 1357 1508 1440 Frontalis
1537 1369 1801 1466 contractione
1821 1369 1985 1462 explica-

146 1569 149 1575 ,
213 1511 372 1586 tur,-ut
389 1511 536 1566 taceam
553 1517 681 1590 porro·
697 1493 812 1564 iaciei
836 1491 1118 1583 extensionem,
1154 1517 1268 1586 quarn
1307 1511 1509 1589 aperturae
1524 1497 1613 1566 eiu's
1629 1475 1843 1590 praecipue
1861 1479 2003 1568 osten-t

215 1621 324 1692 dunt
379 1617 1880 1722 Osemm,nares‚ocuhatton1t1brantLeratorrbusommbusagentrbus
1933 1623 1985 1694 Et

56 1735 62 1744 ’
121 1762 126 1771 ‘
185 1764 344 1844 ⁸noune
371 1745 488 1840 ipsam
514 1746 657 1819 Iridem
675 1745 813 1816 similis
845 1745 1016 1839 pupillae
1042 1744 1219 1864 expansio
1247 1749 1481 1840 occuparet?
1519 1749 1653 1871 Ampla
1677 1749 1807 1818 saltem
1829 1745 1982 1841 pupilla
2066 1849 2071 1856 ι

210 1871 411 1964 perspicue
440 1871 604 1966 stuporis
632 1887 748 1965 atque
773 1868 1027 1942 curiositatis·
1023 1869 1205 1966 ¹vigorem
1235 1885 1401 1969 auget,
1398 1874 1563 1964 Neque
1588 1897 1608 1942 a
1634 1855 1980 1942 verosimilitudine
2033 1961 2038 1970 ,

213 1995 461 2088 abhorreret,
490 2021 578 2068 cum
599 1997 774 2093 expansio
801 1995 974 2091 pupillae
998 2013 1127 2066 motus
1153 1997 1420 2091 inspiratoriua
1439 1997 1501 2067 vel
1519 1977 1766 2069 extensoriuc
1781 1997 1825 2067 lit
1836 1995 1981 2090 ,quod

210 2119 254 2192 in
270 2121 448 2220 strigibus
469 2125 712 2196 clariffimum
730 2123 878 2212 evadit,
908 2122 1047 2218 quibus
1068 2122 1491 2216 quaqueinspiratione
1509 2124 1694 2216 expandi,
1719 2048 1978 2218 ‚exspiiatioue
2016 2112 2019 2116 ’
2114 2197 2121 2204 ,

147 2339 151 2345 ¹
211 2261 345 2320 contra
363 2252 620 2349 angustiorem
646 2225 755 2322 reddi
777 2249 932 2322 constat.
960 2237 1130 2342 -Quis
1156 2237 1296 2319 autem⁴
1316 2249 1388 2340 est,
1426 2236 1519 2344 quiri
1541 2273 1588 2330 ex
1604 2249 1678 2319 hac
1692 2248 1885 2338 succincta
1903 2250 2009 2318 stu-⁴.

210 2376 315 2488 poris
336 2374 590 2473 descriptione
611 2377 811 2448 veritatem
839 2375 1041 2446 consensus
1066 2373 1168 2446 inter
1187 2377 1413 2446 Extensores
1437 2372 1569 2478 magni
1587 2373 1806 2472 ‘intelligam
1833 2376 1916 2485 imo
1935 2373 1978 2446 in

86 2501 96 2508 “
171 2565 173 2570 2
209 2503 380 2574 barbaris
406 2506 584 2598 populis,
620 2491 782 2597 quibus,
819 2501 1025 2572 deficiente
1051 2499 1208 2597 linguae
1233 2490 1654 2594 perfectione,.maior
1677 2503 1822 2574 mimici
1845 2518 1975 2575 matut
2093 2553 2111 2598 ,-

210 2627 296 2700 data
314 2631 367 2700 est
382 2631 585 2720 vivacitas,
615 2630 730 2700 etiam
749 2628 917 2720 vivacius
939 2628 1069 2720 stupor
1088 2628 1326 2722 exprimitur.
1379 2631 1438 2700 Ita
1455 2630 1695 2721 Roiasmani,
1721 2629 1892 2732 populna
1909 2626 1976 2726 ad·-¹

208 2755 369 2856 modum
387 2753 570 2846 bestialis,
612 2755 766 2849 qnando
788 2736 918 2848 stupor
944 2777 1009 2825 eos
1036 2755 1200 2846 invadit,
1236 2756 1367 2827 dextra
1391 2781 1508 2828 manu
1531 2759 1575 2827 in
1599 2759 1787 2828 cervicem
1817 2756 1974 2859 reiecta,
2065 2765 2073 2856 ‘x
2156 2849 2161 2858 ι
2214 2823 2218 2830 .

128 2971 138 2978 .
210 2897 326 2978 caput
343 2883 498 2976 penitus
517 2882 558 2958 iu
576 2883 726 2954 dorsum
745 2895 963 2953 recurvant.
1014 2881 1055 2952 Si
1085 2869 1286 2954 admiratio
1318 2897 1356 2957 et
1373 2873 1505 2978 stupor
1527 2878 1769 2974 increscunt,
1789 2881 1974 2952 ‘extensio

102 3099 109 3104 h
204 2991 392 3104 paulatim
412 3007 600 3079 transitio
618 3009 880 3102 catalepticatn
898 3003 1282 3105 rigiditatem,ethoc
1298 3023 1512 3100 momento,
1540 3035 1628 3082 cum
1643 3011 1796 3080 abimus
1817 3009 1879 3078 vix
1899 3021 1978 3078 anr-

206 3123 486 3235 pliustterna
506 3117 677 3228 perferre
688 3133 876 3228 potest,
864 3157 906 3203 tn
922 3157 970 3204 eo
983 3135 1063 3224 est,
1091 3149 1136 3206 ut
1157 3137 1204 3206 ad
1224 3137 1458 3208 contrarium
1476 3111 1610 3231 pdldm
1627 3117 1817 3208 transiliat
1834 3157 1974 3229 nempe

206 3259 253 3333 ad
275 3275 420 3332 metum
441 3260 603 3352 eiusque
620 3275 750 3360 motus
767 3284 837 3355 per
855 3277 1042 3334 terrorem.
1089 3262 1136 3342 ln
1153 3276 1303 3334 terrore
1321 3261 1425 3334 enim
1443 3287 1581 3362 magna
1600 3265 1867 3374 musculorum
1884 3283 1973 3354 para

207 3387 436 3469 extensionis
467 3385 759 3476 efficacitatem,
793 3385 1044 3479 animumque
1072 3388 1281 3458 attonitum
1305 3389 1432 3460 adhuc
1458 3393 1685 3480 confirmat,
1721 3389 1816 3460 sed
1806 3412 1868 3458 ru
1864 3387 1973 3458 facie

204 3515 358 3585 iamiam
377 3511 633 3612 antagonista
630 3511 817 3592 Frontalis
836 3511 1101 3620 extendentis,
1138 3513 1375 3610 Corrugator
1393 3515 1595 3607 supercilia
1616 3515 1830 3617 contrahit,
1857 3513 1909 3582 ita
1929 3527 1973 3582 ut
2004 3591 2008 3597 ,

206 3640 447 3740 organismus
464 3659 545 3710 non
563 3637 727 3731 amplius
755 3625 842 3708 dum
861 3637 1007 3708 mundo
1021 3608 1226 3708 lrarmonia
1250 3640 1481 3710 coniunctus
1500 3642 1546 3710 ab
1567 3665 1613 3711 eo
1632 3639 1788 3714 recedat
1806 3653 1845 3709 et
1861 3637 1907 3709 ad
1925 3640 1973 3710 ti·

203 3787 353 3840 morem
370 3765 618 3855 incurvatus,
642 3763 875 3837 conscientia
886 3763 1064 3857 denique
1083 3777 1122 3832 et
1137 3765 1323 3836 musculis
1340 3765 1548 3880 paralytice
1565 3765 1783 3857 labesactis,
1810 3766 1970 3855 inimico

197 3891 445 3984 'irrumpenti
460 3890 695 3962 [obiiciatur.
731 3902 782 3950 ·-'-
820 3881 1022 3992 Curiofitas
1047 3890 1153 3961 fera
1164 3889 1343 3992 eosdem,
1385 3915 1482 3985 quos
1510 3893 1662 3988 stupor,
1696 3885 1815 3982 habet
1839 3908 1970 4000 motus
2077 3887 2086 3898 ”
2154 3887 2158 3896 “

203 4017 359 4094 nonnisi
368 4015 515 4094 maiora
532 4017 747 4088 mobilitate
764 4037 856 4112 prae
877 4041 922 4088 eo
943 4015 1124 4088 excellit·
1161 3985 1371 4089 Diducitur
1390 4033 1472 4089 tota
1494 4012 1621 4089 iacies
1638 4036 1677 4089 et
1695 3989 1986 4114 Sphincterum.

204 4128 377 4222 omnium
396 4144 452 4213 vis
472 4142 665 4238 frangitur
690 4145 736 4213 ab
759 4143 976 4215 Orbiculari
1000 4143 1203 4212 oculorum
1231 4166 1354 4237 usque
1375 4143 1421 4214 a'd
1440 4146 1515 4215 oris
1534 4145 1813 4238 lphincterem,
1841 4159 1970 4216 totum
2001 4193 2007 4200 -

204 4255 344 4366 corpus
363 4285 402 4340 et
422 4283 539 4363 caput
556 4269 765 4359 attollitur,
801 4269 894 4362 quin
920 4267 1023 4360 ipsaa
1049 4289 1160 4338 auras
1189 4269 1434 4366 arriguntur,
1472 4269 1579 4364 quod
1597 4269 1698 4364 apud
1720 4271 1896 4346 animalia
1914 4273 1969 4343 sat

199 4384 442 4530 perspicuum
463 4397 525 4468 est.
578 4396 703 4496 Totus
723 4393 1090 4490 animorganismus
1109 4395 1153 4470 ad
1174 4388 1319 4488 aliqnid
1335 4395 1581 4494 sentiendum
1600 4391 1967 4493 impetrandumque

196 4525 342 4611 tendit,
371 4517 494 4594 omnis
479 4545 574 4613 que
593 4545 613 4590 a
631 4535 764 4592 centro
790 4522 858 4592 suo
877 4519 924 4590 ad
943 4533 1100 4592 externa
1125 4519 1363 4592 irritamenta
1387 4519 1601 4620 egreditur.
1656 4526 1784 4624 Quare
1801 4547 1896 4596 non·
1900 4549 1967 4596 cu·
2010 4557 2018 4569 ·

199 4651 406 4724 riol'rtatam
432 4642 571 4737 solam,
614 4647 678 4720 sed
705 4667 880 4721 omnem
888 4645 1080 4786 cupidinis
1107 4645 1377 4742 expansionem
1403 4637 1633 4746 expanlivus
1664 4651 1968 4776 muscularitatis
2030 4749 2033 4757 ¹

161 4775 320 4850 iactor
339 4773 596 4858 comitabitur.

1613 4883 1626 4910 t

1538 4961 1551 5020 ⁸
1579 4905 1586 4933 t

2079 3227 2091 3258 ,
2148 3231 2151 3240 Δ
