4788 5702
1015 429 1019 438 '
1878 403 1885 444 l

953 572 960 600 1
1123 507 1202 600 Ι·-
1257 483 1355 579 ζῑ398
1433 502 1485 522 ··-

428 680 569 760 Ι[ιιιιιιιιὶ
591 669 918 772 philosophiae
866 666 1031 736 honoret
1057 681 1179 730 more
1175 641 1396 730 maiorum'
1386 677 1425 724 ιιι
1445 649 1652 724 acroaterio
1673 645 1833 744 publico
1849 647 1963 722 delati
1981 650 2086 722 sunt.
2149 651 2228 724 Sed

436 833 550 910 quam
568 805 743 874 diuturna
762 795 875 868 fuerit
892 787 1061 864 restituta
1066 787 1131 857 illa
1150 777 1323 878 filicitas,
1351 805 1430 852 non
1453 780 1630 850 traditum
1647 773 1727 848 esi.¹
1764 785 1847 876 Quo
1866 783 1983 877 magis
2005 802 2085 852 nos
2103 803 2228 872 opon-

435 945 489 1028 te't
507 955 653 1014 curare,
675 943 724 997 ut
742 949 825 998 mos
845 947 889 992 eo
908 922 980 990 iarn
1001 937 1168 1008 tempore
1187 926 1403 994 revocatus,
1433 931 1508 1004 qno
1531 907 1637 978 suum
1658 909 1873 978 Decanatua
1893 907 2023 978 orbem
2043 907 2226 980 redinte-

435 1083 542 1170 gret,
563 1083 623 1132 ne
630 1053 751 1126 rursus
769 1046 963 1124 exolevisse
982 1045 1112 1130 citius,-
1140 1064 1261 1138 quam
1256 1016 1435 1112 revixisse
1450 1033 1632 1144 videatur.

353 1273 355 1282 ,
537 1194 587 1262 Et
604 1183 774 1280 proxime
792 1177 942 1274 quidem
965 1171 1148 1266 superiore
1165 1161 1348 1250 semestri,
1370 1189 1446 1260 quo
1464 1163 1521 1234 vir
1518 1133 1777 1256 perillustris,
1806 1164 1862 1230 lo.
1882 1163 2064 1233 Hernicus
2095 1163 2223 1268 Vorg-

435 1281 533 1406 riui,
561 1309 838 1391 Maihematum
857 1319 896 1376 et
915 1295 1085 1393 Physrcea
1104 1291 1308 1378 Professor,
1336 1295 1573 1364 Decanatum
1592 1282 1712 1386 gessit,
1739 1291 1956 1358 Prorectore
1980 1287 2224 1362 Academiae

436 1421 665 1544 Magnificd,
695 1409 827 1510 Paullo
862 1421 1259 1525 ChristoplroroGottl.
1277 1423 1470 1506 Andreae,
1497 1395 1757 1503 Antecessore,
1779 1415 1908 1496 decern
1930 1416 2135 1498 candidati
2153 1417 2224 1490 ho.
2303 1433 2310 1443 ·
2352 1421 2353 1442 ι

435 1598 548 1650 norea
566 1563 711 1642 nostros
727 1553 1013 1656 capessiverunt
1043 1577 1081 1624 m
1102 1549 1238 1647 quibus
1257 1548 1388 1618 nullus
1405 1543 1499 1632 furt
1527 1569 1619 1642 qum
1636 1558 1703 1616 aut
1721 1539 2071 1640 gravissimorum
2031 1569 2217 1616 virorum

421 1698 682 1782 auctoritate,
712 1707 777 1761 aut
798 1685 1037 1772 doctrinae,
1049 1675 1158 1750 missis
1186 1673 1452 1770 speciminibus
1478 1659 1672 1772 cognitae,
1688 1671 1846 1770 proprii
1873 1673 2220 1745 commendatione

437 1829 687 1908 adiuvaretur.
740 1769 1185 1918 Doctoreaquoqrdine
1210 1803 1344 1890 creati,
1380 1799 1518 1897 quibus
1549 1801 1683 1898 elogiis
1706 1793 1940 1888 urnalisint,
1965 1793 2079 1902 supra
2114 1799 2217 1874 dixi.

436 1961 633 2032 musPart
652 1953 699 2018 Il.
711 1969 755 2039 p.
780 1959 864 2030 142.

534 2087 619 2154 Hoc
644 2091 791 2178 autern,
819 2063 959 2162 quod
949 2085 1024 2134 ram
1050 2059 1191 2171 vergit,
1221 2049 1381 2128 semestri
1402 2053 1468 2151 qui
1495 2057 1710 2124 Prorectore
1737 2061 1791 2127 so.
1821 2055 2007 2154 Frideriro
2034 2047 2216 2155 Fuchsto,

358 2199 383 2250 .·
432 2215 527 2284 viro
535 2197 752 2304 perillustri,
789 2193 940 2266 Ordinis
968 2189 1206 2261 Medicorum
1225 2183 1402 2268 Seniore,
1425 2181 1582 2252 Decanu
1608 2182 1854 2276 Eloquentiae
1877 2208 1919 2254 ac
1938 2183 2098 2276 Perseos
2122 2189 2213 2256 Pro

355 2319 360 2334 ⁸
432 2338 582 2420 sessore,
610 2355 677 2426 qur
664 2330 797 2400 hunc
814 2319 933 2416 ipsunt
953 2317 1125 2388 libellum
1148 2307 1386 2413 conscripsit
1417 2297 1592 2380 summos
1619 2307 1876 2404 philosophiae
1898 2311 2102 2382 honores
2089 2337 2212 2406 turpe

435 2479 601 2546 trarunt,
628 2459 756 2528 decem
777 2449 988 2534 candidati,
1017 2467 1147 2552 eorum
1164 2439 1375 2510 etnornina
1392 2455 1429 2506 et
1445 2435 1667 2508 eruditionis
1687 2435 1915 2534 specimina
1902 2440 2036 2542 eodem
2055 2440 2153 2512 luco
2171 2465 2207 2534 p

336 2605 339 2610 “
433 2615 506 2684 ιη
528 2597 823 2690 commemorata
847 2573 952 2648 sunt·
981 2571 1097 2644 addrtr
1114 2585 1223 2638 ettam
1243 2592 1291 2650 ιι,
1333 2589 1399 2658 qur
1387 2551 1581 2634 habitis
1571 2589 1610 2632 ιιι
1630 2587 1732 2635 curra
1753 2567 1969 2638 Academiae
1986 2569 2209 2667 praelectio·

370 2715 376 2728 ’
434 2722 546 2793 nibus
566 2685 822 2790 ἐπιδιικτιιιιιῖς,
849 2727 967 2814 quum
987 2705 1173 2770 Doctores
1192 2711 1299 2764 antea
1318 2691 1433 2762 creati
1450 2687 1618 2779 fuissent,
1647 2687 1873 2820 Magisterii
1863 2718 1942 2768 rura
1960 2719 2083 2794 eoque
2102 2717 2209 2795 pote·

433 2849 562 2924 statem
581 2836 754 2914 soboles
744 2861 783 2905 ιιι
808 2833 877 2906 hac
898 2825 1097 2900 Academia
1116 2819 1280 2894 habendi
1295 2815 1606 2922 obtinuerunt.

418 2988 422 3002 ’
534 2965 779 3064 Renunciatis
806 2961 866 3032 his
889 2953 1149 3052 philosophiae
1170 2912 1432 3033 Ductoribus,
1469 2964 1582 3042 atque
1609 2945 1746 3018 artium
1771 2895 1985 3022 liberalium
2004 2947 2207 3052 Magistris,

435 3107 511 3174 iarn
538 3099 583 3174 ad
600 3119 672 3168 vos
689 3115 749 3162 me
770 3102 974 3168 converto,
1011 3105 1085 3152 ιιιι
1103 3071 1370 3158 humanissimi
1400 3073 1465 3168 qui
1490 3075 1661 3168 exempla
1689 3073 1844 3148 illorum
1867 3077 2032 3172 sequuti
2067 3077 2206 3152 studio·

286 3259 289 3266 ·
325 3265 331 3275 ·
436 3253 519 3300 rum
545 3225 585 3298 in
611 3220 745 3294 litteris
770 3215 892 3287 adhuc
911 3209 1117 3306 postorum
1146 3205 1296 3302 publica
1319 3201 1365 3272 ab
1383 3201 1524 3272 Ordine
1551 3200 1870 3324 Philosophorum
1889 3208 2053 3300 praemia
2079 3227 2207 3302 petere

392 3372 394 3382 ¹
436 3327 658 3441 decrevistis.
711 3333 1001 3416 Humanustmae
1019 3333 1212 3411 voluntati
1237 3325 1373 3410 vestrae
1388 3328 1490 3400 Ordo
1516 3329 1622 3400 nulla
1651 3353 1690 3400 re
1716 3330 1833 3402 deerit
1843 3359 1991 3430 ,quam
2014 3353 2204 3434 etrogare

433 3478 635 3569 honestum
647 3531 658 3565 ,
695 3491 734 3544 et
747 3470 956 3548 concedere
980 3485 1143 3560 aequum
1170 3455 1232 3531 est.
1285 3459 1419 3530 Dictae
1444 3456 1530 3529 sunt
1548 3481 1712 3528 exannnr
1733 3456 1908 3532 sollemni
1932 3463 2120 3535 Calendae
2142 3469 2205 3536 Fe·
2251 3489 2267 3516 ι

286 3605 293 3616 ’
435 3609 624 3686 bruttiae.
653 3603 713 3676 cui
736 3615 994 3690 examrmquo
1016 3591 1141 3684 plures
1168 3587 1399 3674 intererunt,
1427 3607 1571 3658 eonon
1593 3581 1741 3656 tautum
1762 3587 1980 3676 iucundior,
2006 3589 2201 3664 sedetiam

394 3762 399 3768 ·
434 3723 952 3842 gloriostoreritcontentio
1008 3719 1251 3818 Quicumque
1273 3739 1364 3812 ergo
1393 3708 1575 3799 vestrum,
1602 3713 1739 3806 optimi
1765 3717 2073 3808 commilitones,
2102 3722 2200 3792 hauc

379 3851 383 3858 ¹
411 3948 417 3960 p
434 3865 565 3942 studiis
577 3862 658 3947 sitia
675 3879 802 3930 veram
818 3847 1212 3930 commendationem,
1240 3845 1332 3914 haec
1350 3840 1448 3914 vitae
1463 3839 1697 3912 academicae
1713 3861 1932 3934 ornamenta
1947 3869 2123 3942 qrraerere
2142 3869 2204 3918 vo·

433 3999 535 4080 lent,
561 4013 646 4075 eos,
674 3957 823 4059 utente
846 3977 985 4050 dictam
1010 3973 1110 4044 diem
1138 3971 1201 4042 sua
1225 3967 1326 4064 apud
1346 3966 1577 4038 munumina
1597 3966 1864 4074 profiteantur,
1892 3995 1982 4060 oro,
2010 3997 2086 4069 quo
2105 3973 2201 4069 ipsos

436 4120 571 4226 Ordini
593 4085 816 4212 amplissimo
844 4101 1112 4179 commendare
1140 4091 1281 4193 poffiut.
1342 4093 1591 4169 uehementer
1616 4095 1783 4168 laetabor
1803 4095 1831 4169 sl
1848 4098 1917 4170 hac
1941 4101 2201 4176 cohortatione

435 4250 648 4324 excitentur
663 4263 777 4341 quam
794 4232 968 4334 plurimi,
1005 4221 1277 4356 quiproposrta
1293 4221 1486 4296 doctrinae
1505 4225 1667 4318 proemia
1685 4221 1760 4296 sibi
1777 4227 1938 4320 peteuda
1958 4225 2195 4310 arbitrentur.

1193 4434 1439 4480 ...A-...a-

536 4642 614 4708 lam
633 4657 751 4731 quum
769 4625 922 4706 consilio
941 4620 1054 4694 huius
1078 4615 1292 4712 scriptionis
1312 4611 1616 4702 satisfecerimus,
1643 4617 1865 4714 revertimur
1882 4615 2195 4692 adAutoninirnr

432 4757 582 4852 trustra,
608 4779 652 4833 ut
670 4758 759 4833 huic
775 4775 928 4856 quoque
943 4745 1087 4834 officio,
1114 4743 1219 4842 quod
1242 4743 1395 4840 libellos
1414 4742 1644 4816 academicos
1667 4751 1839 4839 expertes
1852 4753 1965 4820 ‘vetat
1979 4741 2196 4820 essedoctri·

423 4917 542 4994 ,ιιομ
557 4871 837 5002 bursechinum
891 4871 1130 4952 Substitimua
1154 4889 1275 4968 nuper
1297 4894 1344 4942 eo
1361 4871 1403 4942 in
1420 4857 1549 4961 loco,
1568 4869 1634 4942 ubi
1660 4871 1908 4970 quaerebatur
1937 4873 1984 4951 de
2010 4868 2195 4972 comparer
