4788 5702
841 577 846 586 ι
903 478 913 486 ’
956 497 1026 539 ιιι·
1088 486 1176 576 393'
1239 499 1293 544 ud

237 669 342 756 bitu,
378 637 570 766 tamquam
598 661 639 740 in
668 667 770 740 mola
798 666 1120 766 circumagenda
1108 671 1344 780 rumentum,
1385 671 1455 744 sese
1480 650 1720 762 contineant,
1762 655 2010 772 opinionibua

203 781 380 868 ἰιιιιιιιιι
409 794 570 892 explosis
600 796 671 868 se
659 809 821 882 raccant,
860 813 1107 904 autpaupere
1134 800 1261 886 cultu,
1303 805 1415 898 quem
1443 799 1646 899 arnagistro
1674 799 1853 882 traditum
1874 835 2010 888 ornare
2121 827 2127 856 ¹

234 947 395 1020 proprus
414 921 569 998 dutrbus
590 944 671 996 non
690 921 924 1009 didicerunt,
953 921 1101 1016 superbr
1116 925 1306 1000 incedant
1360 927 1539 1024 Demque
1556 952 1674 1026 quum
1691 933 1774 1004 buc
1784 951 1907 1010 toturn
1921 915 2012 1014 scri}

200 1061 211 1075 “
235 1053 413 1146 pti'unum
439 1073 559 1150 genua
585 1050 702 1122 latina
727 1045 784 1122 lit
798 1049 931 1146 lingua
959 1049 1250 1143 proferendum,
1283 1077 1422 1152 magno
1443 1067 1531 1127 cuni
1552 1057 1775 1150 iuventatis
1770 1065 2009 1145 academicae

147 1200 157 1208 ·
235 1178 364 1252 fructu
381 1174 642 1252 rusteurabrtur
663 1171 814 1271 pristinu
834 1172 1042 1250 studiorum
1064 1177 1259 1269 severitas,
1288 1205 1409 1278 aqua
1435 1181 1544 1255 valde
1573 1184 1687 1256 alieni
1694 1187 1835 1278 ‚¹¹,lunt
1832 1195 1920 1290 qui
1946 1201 2009 1272 vel
2065 1233 2068 1240 ’
2134 1229 2138 1237 “

152 1290 157 1302 ζ
234 1289 394 1380 cornino
412 1308 628 1404 linguarum
642 1305 813 1402 veterum
843 1303 1035 1378 scientiam
1062 1285 1328 1403 vilipendunt,
1361 1311 1420 1384 vel
1440 1307 1597 1384 latinam
1624 1281 1723 1386 rarle
1751 1315 2008 1438 eloquentiam
2125 1313 2163 1379 Γ

234 1435 410 1506 interres
431 1415 581 1506 ιιιιιιιιιιι
594 1431 805 1526 deperditae
825 1447 1039 1504 numerant.
1120 1441 1122 1448 ’
1639 1453 1655 1465 ··

338 1569 441 1660 Quae
469 1583 588 1657 quum
598 1578 656 1630 rra
676 1555 786 1645 lint,
801 1555 1121 1652 Philosophorum
1137 1559 1291 1650 ordini,
1329 1569 1440 1659 quem
1461 1564 1559 1636 tueri
1577 1564 1764 1662 imprimis
1786 1569 1887 1653 illam
1908 1575 2008 1658 revel

187 1680 192 1690 ’
235 1689 383 1763 ritatem
411 1689 535 1774 decet,
571 1687 670 1758 nibil
685 1689 817 1792 potuit
828 1685 1003 1802 optatius
1025 1686 1202 1775 cadere,
1212 1711 1324 1782 quam
1344 1689 2007 1825 quudrenuvandiveteriainstiruti

212 1819 354 1912 ,prima
380 1815 448 1912 ipsi
475 1814 739 1910 opportunitas
766 1813 938 1910 contigit.
991 1814 1114 1912 Quo
1100 1839 1143 1885 ιιι
1159 1815 1300 1888 Ordine
1330 1841 1447 1911 quum
1474 1837 1556 1914 ego
1572 1837 1675 1894 nunc
1701 1833 1843 1904 Decani
1863 1811 2003 1912 munus
2055 1899 2061 1912 .
2160 1915 2167 1922 ,

160 1979 167 1994 ,
234 1967 380 2042 geram,
414 1946 453 2016 in
483 1944 552 2014 huc
577 1941 695 2036 prima
723 1938 945 2034 scriptione,
988 1957 1031 2011 ut
1057 1939 1231 2014 eximiam
1252 1941 1839 2036 Principumnullrorunrcuram
1860 1967 2006 2056 praedi·-
2098 1970 2102 1980 '

236 2095 380 2166 curem,
410 2073 456 2146 de
479 2071 586 2144 nulla
601 2093 642 2142 re
659 2069 762 2168 prius
779 2091 890 2168 quarn
907 2067 953 2140 de
975 2069 1049 2141 huc
1064 2067 1149 2165 ipso
1162 2045 1371 2204 sumptionis
1388 2071 1560 2190 publicae
1576 2073 1747 2164 instituto
1765 2061 2007 2224 scribendum

235 2202 378 2296 putavi.
439 2217 442 2226 '

338 2329 494 2404 Accedit
510 2331 556 2406 ari
571 2329 762 2428 publicam
784 2329 940 2404 caussam
961 2330 1141 2426 privata,
1164 2353 1276 2428 quam
1288 2329 1527 2429 arrogantiae
1544 2357 1659 2452 nemo
1677 2339 1833 2434 tribuet,
1860 2349 1925 2472 qui
1940 2367 2000 2424 rna

137 2469 150 2478 ‘
236 2430 435 2556 meamque
463 2460 509 2532 de
536 2459 811 2556 scriptiunculis
834 2460 930 2534 meis
952 2459 1178 2536 sententiam
1190 2460 1305 2550 norit,
1358 2459 1428 2532 Sed
1447 2485 1563 2558 quum
1581 2461 1672 2556 finr,
1710 2493 1809 2566 qur
1763 2465 1863 2546 bas
1881 2491 2001 2576 nugae
2106 2499 2111 2522 ¹

235 2589 355 2660 nicae·
365 2585 506 2686 aliquid
533 2586 599 2660 elle
626 2604 784 2682 putent,
821 2585 903 2674 bis,
941 2585 1034 2684 quid
1058 2583 1287 2683 inposterum
1313 2588 1400 2659 de
1375 2613 1423 2660 us
1442 2589 1750 2685 exspectandum
1788 2623 1865 2696 quo
1882 2599 1999 2679 murlo

236 2711 524 2794 existimandum
547 2712 614 2803 lit,
663 2713 823 2788 breviter
850 2737 1052 2809 exponam.
1116 2716 1266 2787 Etenim
1295 2715 1435 2810 duplex
1459 2739 1562 2790 nunc
1588 2721 1681 2792 mihi
1709 2723 1923 2820 imposrtum
1951 2729 2002 2806 el't
2054 2717 2061 2730 ⁸

234 2840 448 2940 scriptionis
477 2815 720 2916 academicae
729 2865 873 2953 genua:
917 2843 1075 2914 adrerum
1104 2843 1389 2936 temporarium,
1427 2847 1618 2938 pertinens
1645 2847 1700 2920 ιιι
1717 2839 1855 2930 Derani
1883 2861 1999 2950 vices,

238 2985 332 3067 quae
352 2989 483 3070 quartu
504 2955 686 3068 quintove
709 2982 860 3066 quoique
879 2967 1007 3042 annno
1028 2969 1146 3042 redire
1160 2971 1216 3040 'sol
1221 2989 1304 3040 ent·
1294 3019 1306 3055 ,
1298 2961 1492 3042 alterurn
1515 2997 1756 3092 perpetuum,
1784 2985 1888 3079 quod
1911 2989 2001 3096 ‘³⁰¹¹'ss

185 3187 187 3192 ,
234 3102 406 3208 iunctum
438 3095 495 3170 est
518 3121 603 3171 curn
629 3095 1121 3206 eloquentiaeprusellroue.
1175 3097 1834 3202 Inprioreillusrquidpeccarem,
1870 3141 2017 3214 meum¹
2101 3170 2123 3198 ι

235 3229 320 3300 erit
340 3205 533 3322 peccatum
561 3229 730 3356 mihique
761 3221 829 3298 soll
857 3225 1144 3320 imputandum:
1194 3221 1390 3319 siquidem
1402 3227 1526 3298 bisin
1557 3229 1750 3323 tiburis,
1766 3241 1868 3334 quud
1897 3264 1999 3342 grata

176 3341 188 3402 ’-
233 3375 362 3428 mente
389 3355 588 3464 profiteor,
624 3378 745 3450 aequo
772 3371 810 3424 et
835 3354 914 3448 pari
939 3377 1024 3424 cunr
1050 3353 1257 3448 Theulugls
1283 3377 1377 3448 pru‹b
1366 3363 1623 3430 ramumtariia
1650 3367 1999 3462 ceterisqueetmei
2057 3421 2059 3434 ›

232 3488 273 3556 et
297 3503 507 3602 ceterorum
536 3481 720 3553 Οιιιιιιιιιιι
746 3479 947 3551 Decanis
939 3505 1019 3550 mro
1046 3477 1173 3590 fruor,
1215 3495 1257 3550 ut
1281 3481 1376 3550 mibi
1404 3503 1483 3551 ιιοιι
1512 3465 1567 3552 lit
1583 3491 1721 3562 necesse
1742 3493 1866 3584 deiis,
1904 3523 2031 3595 quae·
2141 3487 2146 3497 ¹

232 3611 453 3707 scripserim,
488 3623 689 3704 antequam
718 3603 978 3714 publicentur,
1016 3605 1200 3678 rationem
1221 3605 1385 3702 Collegis
1413 3607 1579 3682 reddere
1632 3619 1676 3684 In
1704 3617 1794 3689 bia
1784 3629 1999 3726 rtaquepri·

231 3765 337 3813 mum
356 3735 586 3811 cuntrnuabu
604 3733 858 3808 Antomurana
879 3759 982 3819 meu
993 3727 1149 3804 demde
1165 3732 1274 3805 dena
1292 3733 1414 3804 rebuu
1425 3737 1677 3825 tractabunt
1700 3746 1837 3841 qurbua
1858 3747 1999 3830 etramll
2120 3743 2121 3748 ’

231 3864 422 3954 ersavaru,
459 3859 584 3936 tamen
612 3859 755 3935 ιιιιιιιιτι
779 3879 817 3932 et
844 3864 991 3956 uulpem
1024 3882 1191 3933 errorum
1222 3861 1316 3932 nulo
1340 3864 1587 3960 quemquern
1594 3891 1744 3944 mecum
1764 3873 1998 3974 participare!
2067 3905 2069 3914 ’

234 4007 362 4072 Cetera
389 3995 541 4088 scripta,
578 4012 672 4087 quae
700 3989 786 4063 sunt
811 4013 858 4061 ex
878 3985 1071 4092 posteriori
1089 4011 1225 4086 genere
1240 3988 1507 4087 pertinentque
1525 3993 1570 4103 ad
1589 3997 1825 4140 eloquentiae
1843 3993 1996 4100 munna,

234 4125 395 4200 subiecta
414 4121 500 4193 sunt
520 4119 704 4192 censurae
712 4117 971 4215 Collegarum,
988 4117 1139 4212 quibus
1161 4117 1381 4223 scripturum
1403 4121 1514 4190 etiam
1534 4115 1718 4230 rationum
1737 4131 1944 4258 ¹reposcere
1949 4133 1998 4210 ab*

234 4252 506 4352 eloquentraa
494 4243 696 4318 Professure
723 4243 855 4314 liuetl'·
876 4249 924 4314 In
950 4267 1026 4338 quo
1047 4266 1112 4336 par
1129 4239 1219 4314 ell
1195 4267 1353 4320 reveren
1373 4247 1566 4338 proculam
1588 4273 1734 4344 curam
1775 4282 1848 4353 qua
1867 4273 1999 4336 cavere

233 4381 352 4458 risum
378 4375 446 4465 est,
473 4399 549 4463 ne,
570 4365 1087 4472 quodoffcndatlegeures
1123 4369 1166 4443 in
1181 4387 1287 4441 tanta
1308 4373 1459 4463 pubhce
1484 4373 1664 4448 scribendi
1681 4399 1719 4452 et
1733 4385 1935 4462 crebntate
1959 4385 1998 4464 et'

232 4505 427 4598 necessaria
454 4503 718 4600 saepenumero
744 4459 980 4572 festinatrone
998 4491 1121 4572 invito
1141 4499 1297 4570 excidat.
1336 4501 1422 4570 Sed
1443 4503 1571 4616 eadem
1587 4529 1666 4594 rea,
1704 4529 1749 4581 ut
1765 4511 1929 4612 ingenue
1944 4519 2001 4598 fa

234 4649 354 4728 terr,
367 4657 585 4732 magnum
576 4623 845 4704 animunollro
852 4645 1028 4724 merum,
1060 4649 1234 4730 magnam
1259 4625 1553 4702 sollicitudinem
1571 4634 1721 4710 arrum.
1762 4645 1861 4719 Nam
1881 4669 1999 4742 quum

235 4766 411 4842 derebus
429 4761 568 4836 divinis
589 4777 628 4834 et
650 4755 851 4842 humanis,
864 4778 973 4852 quae,
983 4755 1246 4831 mathematica
1260 4754 1449 4828 evidentia
1467 4763 1638 4848 careant,
1667 4784 1786 4862 prope
1804 4775 2008 4866 omnibus,

233 4915 270 4974 et
297 4891 414 5012 (quod
441 4881 647 4978 illustribus¹
674 4883 858 4980 exemplis
882 4879 1048 4974 confiat)
1077 4881 1122 4954 de
1142 4881 1215 4978 ipsa
1238 4881 1438 4956 verborum
1455 4881 1748 4984 significatione,
1773 4917 1865 4970 non
1881 4903 1998 4987 modu
2088 4871 2094 4880 .

1619 5016 1729 5090 ndu
